3398 5264
308 640 378 694 xrv
756 620 1000 689 Puaarnrro.

309 797 511 869 Sanscritcs
530 797 698 869 edidere:
723 795 859 884 Cureyi
883 804 920 862 et
943 793 1226 884 Marshmunni,
1245 794 1442 867 Celebran-

309 928 376 1015 kii,
407 925 534 996 Caroli
553 924 716 994 Willins
740 937 778 993 et
803 925 973 994 nostratis
993 924 1156 1018 Boppii3
1180 937 1258 995 tum
1283 951 1442 997 consuc-

309 1058 495 1148 tudinem,
532 1045 639 1152 qua⁰m
666 1058 703 1125 in
737 1057 920 1127 codicibus
954 1054 1233 1150 deanagaricis
1259 1058 1441 1130 dominari

311 1189 512 1264 observari.
586 1187 682 1258 Nam
716 1189 813 1282 quod
846 1188 987 1258 librarii
1021 1189 1136 1260 Indici
1170 1191 1345 1265 vocabula
1376 1216 1443 1288 por

310 1302 469 1415 integros
494 1344 620 1397 versus
645 1322 873 1413 continuant,
910 1322 948 1393 id
972 1346 1047 1392 non
1078 1322 1120 1393 fit
1143 1348 1191 1394 ex
1215 1324 1291 1394 ullo
1315 1350 1443 1417 gram-

280 1534 284 1540 ,
311 1457 461 1524 maticae
485 1454 574 1523 artis
604 1465 822 1546 praecepto,
848 1453 914 1522 sed
943 1466 986 1524 ot
1009 1453 1157 1524 chartae
1182 1468 1368 1549 parcatur,
1395 1458 1442 1528 dc

310 1609 384 1679 quo
410 1608 477 1654 nos
501 1587 648 1655 minime
673 1585 820 1654 solliciti
843 1607 977 1656 sumus.

409 1714 511 1786 Nihil
536 1728 603 1807 est,
630 1716 729 1809 qu'od
763 1716 1011 1811 perspicuitati
1041 1729 1079 1788 et
1108 1717 1274 1789 facilitati
1300 1721 1444 1813 legendi

312 1848 424 1941 magis
451 1848 599 1920 obstet:
634 1845 692 1918 sac
718 1848 837 1940 enim,
873 1847 1048 1920 lectorem
1074 1852 1344 1943 grammaticam
1368 1854 1443 1926 lin·

311 2006 403 2078 guae
429 1981 635 2052 Sanscritae
658 1994 696 2052 et
712 2005 857 2053 omnem
880 1983 1078 2055 dictionum
1100 1987 1241 2080 copiam
1267 1998 1340 2058 tarn
1359 2010 1447 2081 pro-

311 2117 359 2190 bc
383 2117 564 2188 memoria
587 2128 728 2207 tenere,
751 2129 792 2189 ut
812 2118 890 2188 sine
915 2117 990 2188 ulla
1010 2119 1246 2190 haesitatione
1264 2119 1446 2191 inlinitum

311 2273 426 2346 paene
462 2250 668 2321 litterarum
701 2249 931 2343 complexum
964 2257 1001 2322 in
1034 2253 1199 2323 membra
1229 2278 1294 2323 sua
1318 2255 1445 2347 dispe-

310 2404 415 2454 scere
440 2382 567 2474 possit,
595 2381 756 2474 ipsorum
785 2392 904 2450 tamen
938 2381 1128 2453 oculorum
1159 2407 1310 2477 crrors,
1349 2409 1442 2480 quaa

310 2537 415 2587 mens
441 2513 632 2603 discrevit,
659 2513 778 2582 denuo
804 2510 1083 2584 contundentur.
1117 2514 1191 2588 Vel
1214 2518 1252 2587 in
1275 2540 1443 2589 sermono

311 2648 434 2742 patrio
459 2645 621 2739 quemvis
645 2644 839 2714 haesurum
867 2668 945 2714 esse
966 2648 1141 2734 arbitror,
1168 2648 1200 2714 si
1225 2648 1311 2739 quid
1337 2672 1444 2741 copu-

311 2778 395 2848 latis
420 2778 499 2846 siue
523 2775 716 2851 interuallo
733 2775 865 2847 litteris
882 2777 1058 2869 scriptum
1077 2775 1198 2844 subito
1220 2776 1444 2846 recitandum

312 2907 349 2976 ei
374 2916 653 2999 proponeretur.

412 3035 610 3107 Praeterea
635 3035 686 3104 eis
712 3033 797 3103 libri
829 3033 1003 3103 Sansoriti
1036 3033 1214 3127 eduntur,
1251 3036 1314 3130 qui
1338 3060 1442 3104 surn-

312 3190 408 3240 mam
424 3168 530 3238 istam
543 3166 685 3259 linguae
707 3163 940 3234 difficillimae
958 3163 1164 3238 facultatem
1181 3166 1341 3238 nondum
1359 3180 1444 3237 sunt

312 3301 446 3396 adepti.
497 3301 748 3393 Quamobrem
775 3322 905 3393 magno
925 3324 1103 3371 consensu
1119 3303 1189 3376 viri
1214 3301 1325 3392 docti,
1353 3324 1443 3395 quos

311 3459 423 3531 supra
449 3438 671 3524 memoravi,
698 3458 898 3525 censuere,
925 3435 1125 3530 separanda
1149 3460 1226 3506 esse
1250 3431 1443 3506 scribendo

313 3571 441 3659 verba,
470 3579 644 3663 quatenus
671 3572 740 3639 rite
764 3569 926 3662 separari
950 3582 1106 3660 possent.
1156 3569 1296 3641 Notum
1320 3578 1443 3638 autern

312 3713 386 3791 est,
413 3702 452 3770 in
476 3723 644 3770 sermone
670 3699 853 3769 Sanscrito
875 3701 1070 3793 permulta,
1099 3701 1299 3778 vocalitatis
1325 3701 1442 3769 cuius·

313 3833 397 3904 dam
425 3833 563 3925 gratia,
596 3832 680 3902 dum
717 3833 839 3903 littera
869 3832 984 3902 finalis
1019 3847 1056 3903 et
1089 3832 1236 3903 initialis
1262 3833 1443 3926 sequentis

312 3965 481 4039 vocabuli
506 3978 569 4036 aut
594 3967 798 4037 coalescant
822 3978 883 4035 aut
908 3967 1018 4038 variis
1042 3967 1159 4037 modis
1184 3988 1262 4035 seso
1287 3965 1442 4036 invicem

313 4087 490 4186 alliciunt,
523 4097 618 4167 inter
642 4121 682 4167 sc
707 4095 883 4191 copulari,
911 4122 1004 4192 quas
1028 4098 1259 4190 grammatice
1282 4109 1366 4164 sunt
1389 4119 1442 4165 se·
1513 4063 1516 4071 .

312 4232 444 4303 iuncta.
477 4231 520 4301 In
543 4230 643 4301 bisce
667 4232 698 4300 si
723 4232 817 4302 hano
842 4232 1004 4325 regulam
1029 4255 1217 4328 ponamus,
1235 4229 1442 4322 ubicunque

312 4364 449 4458 aliquid
466 4375 641 4434 mutatum
661 4365 706 4434 sit
722 4366 760 4435 iu
778 4365 909 4437 littoris
926 4366 1115 4458 contiguis,
1137 4361 1312 4438 vocabula
1330 4361 1441 4452 scrip·

311 4499 410 4569 tione
432 4521 510 4568 esse
523 4498 782 4588 continuanda,
803 4524 848 4569 nc
871 4499 1010 4569 scilicet
1025 4495 1174 4568 effectus
1202 4516 1360 4563 acaussa
1376 4514 1442 4560 sua

311 4630 529 4721 divellatur,
556 4632 663 4703 nimis
695 4633 810 4706 arctis,
827 4632 958 4705 linibus
991 4626 1318 4704 circumscribenda
1343 4622 1440 4695 soret
