3398 5264
719 551 968 623 Parasino.
1309 569 1422 626 xxm

278 736 359 830 lari,
383 760 477 833 quae
500 732 612 827 magis
638 733 687 806 ad
710 735 914 811 uerborum
938 754 1149 824 numerum,
1175 759 1248 829 quo
1274 747 1421 808 seuten-

279 872 329 943 tia
353 870 529 966 quaedam
554 867 694 941 absolvi
718 869 843 963 possit,
863 891 971 962 quam
996 867 1234 961 syllabarum,
1263 879 1317 939 est
1336 869 1421 940 exi-

280 1004 406 1098 genda.
439 1003 485 1074 In
508 1025 583 1075 uno
611 1014 735 1073 tamen
760 1001 886 1095 lingua
910 999 1056 1070 Graeca
1078 1001 1229 1095 propius
1254 1001 1301 1071 ad
1325 1001 1418 1072 San·

278 1138 425 1208 scritum
443 1138 618 1208 accedere
636 1135 756 1209 rideri
782 1135 903 1225 debet,
921 1145 959 1205 et
982 1132 1228 1229 praeferenda
1252 1131 1363 1224 foret,
1384 1134 1418 1206 si

280 1294 404 1366 parem
425 1269 503 1340 eius
528 1270 743 1341 scribendae
757 1268 968 1340 facultatem
987 1267 1224 1346 haberemust
1241 1267 1279 1338 in
1303 1267 1419 1339 licen·

280 1404 330 1476 tia
353 1407 608 1500 componendi,
635 1406 799 1500 inquam,
827 1414 865 1475 et
890 1428 986 1478 nova
1012 1403 1171 1475 subinde
1196 1401 1374 1479 vocabula
1400 1425 1422 1475 a

280 1539 389 1614 variis
423 1540 598 1611 membris
632 1551 716 1634 apte
749 1538 1007 1634 coagmentatis
1037 1536 1206 1632 fingendi.
1258 1536 1346 1630 Quo
1380 1535 1420 1608 in

281 1697 414 1770 genere
445 1698 630 1771 nunquam
665 1673 790 1768 lingua
829 1673 965 1744 Latina
1004 1672 1188 1744 Graecam
1222 1670 1390 1768 aequavit
1405 1693 1418 1766 3

283 1809 466 1879 Saascrita
489 1808 550 1883 vel
575 1809 739 1879 Graecae
765 1809 959 1880 antecellit.
1006 1804 1179 1881 Attamen
1203 1829 1278 1878 non
1304 1805 1415 1900 plane

283 1941 453 2013 destituta
478 1952 533 2012 est
557 1921 768 2038 compositis
795 1943 980 2017 vocabulis
1005 1942 1130 2038 lingua
1154 1941 1303 2036 Latina,
1329 1938 1416 2032 nisi,

283 2076 428 2147 fastidio
452 2078 564 2149 seculi
577 2077 751 2173 Augustei
771 2078 884 2170 ducti,
898 2078 1081 2168 Enniana,
1101 2076 1324 2167 Pacuviana,
1342 2076 1420 2147 Lu·

284 2211 443 2282 cretiana
469 2211 645 2306 pleraque
671 2231 844 2304 respuere
866 2212 1033 2285 velimus.
1091 2210 1229 2300 Quidni
1254 2219 1291 2278 et
1316 2208 1422 2280 nobis

284 2342 420 2438 aliquid
445 2345 533 2418 novi
559 2344 696 2437 fingere
723 2345 844 2433 liceat,
872 2341 1069 2412 dummodo
1094 2342 1132 2411 id
1161 2340 1349 2436 analogiae
1373 2341 1423 2412 sit

285 2491 580 2567 consentaneum,
593 2502 713 2573 neque
729 2477 794 2547 ulli
809 2476 1031 2570 ambiguitati
1049 2474 1274 2552 obnoxium?
1299 2475 1421 2547 Voca-

285 2609 371 2680 bula
396 2611 593 2705 composita
618 2621 697 2680 tum
722 2610 846 2704 po’c'sin
866 2610 1156 2704 splendidissima
1181 2621 1327 2699 ornant,
1343 2620 1421 2680 tum

285 2767 451 2835 magnam
472 2744 545 2814 vim
568 2743 705 2813 habent
722 2755 759 2813 et
785 2743 978 2815 utilitatem
993 2745 1032 2813 iu
1050 2744 1280 2816 severiorum
1304 2741 1422 2812 scien·-

284 2875 417 2943 tiarum
441 2871 642 2966 disciplina,
669 2872 936 2967 philosophica,
958 2875 1228 2965 mathematica,
1254 2873 1417 2969 physica,

166 3044 167 3047 ¹
284 3006 425 3077 concise
451 3016 490 3076 et
512 3015 684 3076 accurate
709 3004 898 3075 tradenda.
949 3006 1055 3078 Haec
1071 3007 1255 3102 posterior
1270 3009 1422 3103 provin·

284 3140 339 3210 cia
362 3140 512 3235 propria
536 3149 593 3210 est
617 3161 745 3209 earum
770 3138 984 3233 dictionum,
1012 3165 1101 3236 quas
1122 3138 1337 3213 abstractas
1361 3164 1421 3236 ap·

283 3275 419 3371 pellare
448 3275 578 3347 solent.
644 3273 823 3370 Utrisque
854 3275 978 3368 lingua
1007 3277 1198 3348 Sanscrita
1229 3276 1417 3371 abundat,

285 3411 495 3500 abstractas,
522 3420 652 3480 contra
683 3433 788 3479 usum
822 3409 1082 3505 plerarumque
1114 3402 1344 3505 linguarum,
1379 3412 1418 3483 in

286 3541 384 3637 poiisi
408 3567 551 3638 quoquo
575 3544 784 3615 liberaliter
808 3544 977 3614 admittit.
1038 3545 1175 3639 Negari
1204 3548 1353 3640 nequit,
1380 3543 1419 3612 in

285 3675 357 3745 hoc
383 3677 488 3745 etiam
514 3699 646 3770 genere
672 3675 832 3768 linguam
858 3676 1029 3747 Latinam
1059 3678 1167 3748 nimis
1192 3676 1352 3771 angustis
1377 3674 1420 3745 fi-

285 3807 392 3885 nibus
418 3830 496 3878 esse
521 3810 846 3900 circumscriptam:
872 3808 1031 3879 Romani
1049 3810 1161 3904 magis
1180 3812 1290 3881 rebus
1312 3825 1420 3902 agen·

236 3999 238 4002 .
287 3939 342 4008 dis
367 3941 457 4030 nati,
484 3963 591 4035 quam
616 3942 738 4012 otiosis
763 3943 899 4037 ingenii
920 3943 1193 4033 subtilitatibus,
1221 3940 1420 4038 quidquam

287 4071 326 4141 in
350 4093 517 4143 sermone
533 4094 599 4142 suo
624 4072 792 4166 proferre
817 4073 1128 4168 reformidarunt,
1156 4075 1255 4171 quod
1279 4075 1325 4146 ab
1351 4095 1420 4143 usu

288 4203 431 4296 vulgari
449 4204 676 4276 abhorreret.
724 4208 903 4298 Queritur
927 4209 1191 4301 Quintilianus,
1219 4231 1311 4303 quae
1335 4206 1419 4276 Ser·

287 4336 366 4427 gius
391 4335 537 4408 Flavius
564 4360 611 4407 ex
642 4336 787 4409 Graeco
820 4338 1064 4434 formaverat,
1100 4339 1299 4410 admodum
1325 4338 1418 4432 dura

288 4491 375 4538 csse.
427 4469 576 4540 Utinam
606 4468 714 4564 plura
744 4470 918 4546 Flaviana
951 4470 1187 4544 haberemus!
1250 4467 1418 4542 Melioris

288 4625 329 4673 ea
354 4601 477 4674 [orent
500 4614 622 4700 notae,
649 4629 758 4703 quam
782 4633 874 4706 quae
899 4589 1054 4681 seriores
1073 4606 1337 4705 excogitarunt.
1365 4600 1418 4673 Ut
