<?xml version="1.0" encoding="UTF-8"?>
<!DOCTYPE html PUBLIC "-//W3C//DTD XHTML 1.0 Transitional//EN"
    "http://www.w3.org/TR/xhtml1/DTD/xhtml1-transitional.dtd">
<html xmlns="http://www.w3.org/1999/xhtml" xml:lang="en" lang="en">
 <head>
  <title>
</title>
<meta http-equiv="Content-Type" content="text/html;charset=utf-8" />
  <meta name='ocr-system' content='tesseract 3.04.00' />
  <meta name='ocr-capabilities' content='ocr_page ocr_carea ocr_par ocr_line ocrx_word'/>
</head>
<body>
  <div class='ocr_page' id='page_1' title='image "bhagavadgitaide00schlgoog_0032.png"; bbox 0 0 3398 5264; ppageno 0'>
   <div class='ocr_carea' id='block_1_1' title="bbox 190 595 982 702">
    <p class='ocr_par' dir='ltr' id='par_1_1' title="bbox 190 595 982 702">
     <span class='ocr_line' id='line_1_1' title="bbox 190 595 982 702; baseline -0.013 1"><span class='ocrx_word' id='word_1_1' title='bbox 190 595 197 608; x_wconf 46' lang='lat'><em>⁰</em></span> <span class='ocrx_word' id='word_1_2' title='bbox 274 643 372 702; x_wconf 83' lang='lat' dir='ltr'><strong>xxrr</strong></span> <span class='ocrx_word' id='word_1_3' title='bbox 735 596 982 697; x_wconf 77' lang='lat' dir='ltr'><strong>Pasarsrto.</strong></span> 
     </span>
    </p>
   </div>
   <div class='ocr_carea' id='block_1_2' title="bbox 265 803 1414 2235">
    <p class='ocr_par' dir='ltr' id='par_1_2' title="bbox 265 803 1414 2235">
     <span class='ocr_line' id='line_1_2' title="bbox 277 803 1409 903; baseline -0.005 -21"><span class='ocrx_word' id='word_1_4' title='bbox 277 830 421 901; x_wconf 84' lang='lat' dir='ltr'><strong>necne,</strong></span> <span class='ocrx_word' id='word_1_5' title='bbox 460 807 539 903; x_wconf 85' lang='lat' dir='ltr'><strong>ipsa</strong></span> <span class='ocrx_word' id='word_1_6' title='bbox 563 805 826 878; x_wconf 83' lang='lat' dir='ltr'><strong>eruditissimus</strong></span> <span class='ocrx_word' id='word_1_7' title='bbox 856 807 1040 901; x_wconf 75' lang='lat' dir='ltr'>interpres</span> <span class='ocrx_word' id='word_1_8' title='bbox 1064 803 1216 898; x_wconf 80' lang='lat' dir='ltr'><strong>Argius,</strong></span> <span class='ocrx_word' id='word_1_9' title='bbox 1243 807 1289 895; x_wconf 87' lang='lat' dir='ltr'><strong>si,</strong></span> <span class='ocrx_word' id='word_1_10' title='bbox 1316 827 1409 901; x_wconf 85' lang='lat' dir='ltr'><strong>quaa</strong></span> 
     </span>
     <span class='ocr_line' id='line_1_3' title="bbox 275 938 1409 1036; baseline -0.002 -21"><span class='ocrx_word' id='word_1_11' title='bbox 275 954 334 1015; x_wconf 91' lang='lat' dir='ltr'><strong>tot</strong></span> <span class='ocrx_word' id='word_1_12' title='bbox 357 952 441 1015; x_wconf 86' lang='lat' dir='ltr'><strong>anta</strong></span> <span class='ocrx_word' id='word_1_13' title='bbox 474 963 587 1013; x_wconf 88' lang='lat' dir='ltr'><strong>anuos</strong></span> <span class='ocrx_word' id='word_1_14' title='bbox 612 941 776 1035; x_wconf 72' lang='lat' dir='ltr'><strong>scripsit,</strong></span> <span class='ocrx_word' id='word_1_15' title='bbox 811 940 973 1014; x_wconf 80' lang='lat' dir='ltr'><strong>revisere</strong></span> <span class='ocrx_word' id='word_1_16' title='bbox 1005 938 1189 1032; x_wconf 78' lang='lat' dir='ltr'><strong>voluerit,</strong></span> <span class='ocrx_word' id='word_1_17' title='bbox 1220 939 1409 1036; x_wconf 81' lang='lat' dir='ltr'><strong>ceterique</strong></span> 
     </span>
     <span class='ocr_line' id='line_1_4' title="bbox 276 1074 1407 1170; baseline -0.003 -22"><span class='ocrx_word' id='word_1_18' title='bbox 276 1077 413 1149; x_wconf 87' lang='lat' dir='ltr'><strong>harum</strong></span> <span class='ocrx_word' id='word_1_19' title='bbox 437 1074 644 1148; x_wconf 83' lang='lat' dir='ltr'><strong>litterarum</strong></span> <span class='ocrx_word' id='word_1_20' title='bbox 669 1076 799 1148; x_wconf 77' lang='lat' dir='ltr'><strong>arbitri</strong></span> <span class='ocrx_word' id='word_1_21' title='bbox 831 1076 1054 1147; x_wconf 90' lang='lat' dir='ltr'><strong>iudicabunt.</strong></span> <span class='ocrx_word' id='word_1_22' title='bbox 1113 1074 1318 1170; x_wconf 78' lang='lat' dir='ltr'><strong>Praecipua</strong></span> <span class='ocrx_word' id='word_1_23' title='bbox 1342 1097 1407 1145; x_wconf 87' lang='lat' dir='ltr'><strong>au·</strong></span> 
     </span>
     <span class='ocr_line' id='line_1_5' title="bbox 276 1207 1411 1306; baseline -0.004 -22"><span class='ocrx_word' id='word_1_24' title='bbox 276 1224 352 1284; x_wconf 92' lang='lat' dir='ltr'><strong>tem</strong></span> <span class='ocrx_word' id='word_1_25' title='bbox 376 1209 467 1281; x_wconf 87' lang='lat' dir='ltr'><strong>mihi</strong></span> <span class='ocrx_word' id='word_1_26' title='bbox 500 1232 589 1280; x_wconf 87' lang='lat' dir='ltr'><strong>cura</strong></span> <span class='ocrx_word' id='word_1_27' title='bbox 619 1207 713 1303; x_wconf 87' lang='lat' dir='ltr'><strong>suit,</strong></span> <span class='ocrx_word' id='word_1_28' title='bbox 744 1221 787 1281; x_wconf 88' lang='lat' dir='ltr'><strong>ut</strong></span> <span class='ocrx_word' id='word_1_29' title='bbox 817 1220 896 1281; x_wconf 93' lang='lat' dir='ltr'><strong>tum</strong></span> <span class='ocrx_word' id='word_1_30' title='bbox 920 1209 1074 1303; x_wconf 90' lang='lat' dir='ltr'><strong>Latine,</strong></span> <span class='ocrx_word' id='word_1_31' title='bbox 1104 1219 1182 1281; x_wconf 92' lang='lat' dir='ltr'><strong>tum</strong></span> <span class='ocrx_word' id='word_1_32' title='bbox 1218 1210 1411 1306; x_wconf 88' lang='lat' dir='ltr'><strong>perspicue</strong></span> 
     </span>
     <span class='ocr_line' id='line_1_6' title="bbox 265 1341 1408 1440; baseline -0.003 -24"><span class='ocrx_word' id='word_1_33' title='bbox 265 1346 492 1434; x_wconf 77' lang='lat' dir='ltr'><strong>scriberem,</strong></span> <span class='ocrx_word' id='word_1_34' title='bbox 520 1342 811 1440; x_wconf 88' lang='lat' dir='ltr'><strong>quandoquidem</strong></span> <span class='ocrx_word' id='word_1_35' title='bbox 835 1343 927 1414; x_wconf 90' lang='lat' dir='ltr'><strong>nihil</strong></span> <span class='ocrx_word' id='word_1_36' title='bbox 953 1342 1111 1414; x_wconf 86' lang='lat' dir='ltr'><strong>efficitur</strong></span> <span class='ocrx_word' id='word_1_37' title='bbox 1134 1341 1408 1436; x_wconf 88' lang='lat' dir='ltr'><strong>interpretatio·</strong></span> 
     </span>
     <span class='ocr_line' id='line_1_7' title="bbox 279 1473 1409 1572; baseline -0.003 -24"><span class='ocrx_word' id='word_1_38' title='bbox 279 1500 343 1566; x_wconf 90' lang='lat' dir='ltr'><strong>na,</strong></span> <span class='ocrx_word' id='word_1_39' title='bbox 370 1501 480 1571; x_wconf 89' lang='lat' dir='ltr'><strong>quam</strong></span> <span class='ocrx_word' id='word_1_40' title='bbox 503 1498 573 1570; x_wconf 87' lang='lat' dir='ltr'><strong>per</strong></span> <span class='ocrx_word' id='word_1_41' title='bbox 594 1500 634 1547; x_wconf 86' lang='lat' dir='ltr'><strong>aa</strong></span> <span class='ocrx_word' id='word_1_42' title='bbox 657 1476 745 1546; x_wconf 87' lang='lat' dir='ltr'><strong>satis</strong></span> <span class='ocrx_word' id='word_1_43' title='bbox 768 1476 863 1547; x_wconf 89' lang='lat' dir='ltr'><strong>bens</strong></span> <span class='ocrx_word' id='word_1_44' title='bbox 887 1475 1095 1569; x_wconf 84' lang='lat' dir='ltr'><strong>intelligere</strong></span> <span class='ocrx_word' id='word_1_45' title='bbox 1119 1500 1302 1572; x_wconf 85' lang='lat' dir='ltr'><strong>nequeas,</strong></span> <span class='ocrx_word' id='word_1_46' title='bbox 1338 1473 1409 1545; x_wconf 91' lang='lat' dir='ltr'><strong>nisi</strong></span> 
     </span>
     <span class='ocr_line' id='line_1_8' title="bbox 278 1607 1410 1724; baseline -0.008 -42"><span class='ocrx_word' id='word_1_47' title='bbox 278 1632 364 1682; x_wconf 84' lang='lat' dir='ltr'><strong>eum</strong></span> <span class='ocrx_word' id='word_1_48' title='bbox 395 1610 514 1703; x_wconf 91' lang='lat' dir='ltr'><strong>ipsum</strong></span> <span class='ocrx_word' id='word_1_49' title='bbox 546 1607 705 1701; x_wconf 90' lang='lat' dir='ltr'><strong>librum,</strong></span> <span class='ocrx_word' id='word_1_50' title='bbox 740 1608 837 1679; x_wconf 85' lang='lat' dir='ltr'><strong>unda</strong></span> <span class='ocrx_word' id='word_1_51' title='bbox 873 1630 1046 1724; x_wconf 85' lang='lat' dir='ltr'><strong>expressa</strong></span> <span class='ocrx_word' id='word_1_52' title='bbox 1076 1608 1144 1698; x_wconf 89' lang='lat' dir='ltr'><strong>sit,</strong></span> <span class='ocrx_word' id='word_1_53' title='bbox 1180 1617 1410 1679; x_wconf 90' lang='lat' dir='ltr'><strong>commenta-</strong></span> 
     </span>
     <span class='ocr_line' id='line_1_9' title="bbox 279 1740 1412 1839; baseline -0.002 -25"><span class='ocrx_word' id='word_1_54' title='bbox 279 1742 327 1815; x_wconf 91' lang='lat' dir='ltr'><strong>rii</strong></span> <span class='ocrx_word' id='word_1_55' title='bbox 359 1741 437 1814; x_wconf 81' lang='lat' dir='ltr'><strong>rice</strong></span> <span class='ocrx_word' id='word_1_56' title='bbox 472 1740 628 1814; x_wconf 80' lang='lat' dir='ltr'><strong>evolvas.</strong></span> <span class='ocrx_word' id='word_1_57' title='bbox 710 1741 820 1835; x_wconf 86' lang='lat' dir='ltr'><strong>Quod</strong></span> <span class='ocrx_word' id='word_1_58' title='bbox 853 1742 884 1813; x_wconf 92' lang='lat' dir='ltr'><strong>si</strong></span> <span class='ocrx_word' id='word_1_59' title='bbox 919 1742 999 1839; x_wconf 91' lang='lat' dir='ltr'><strong>quis</strong></span> <span class='ocrx_word' id='word_1_60' title='bbox 1029 1765 1165 1816; x_wconf 84' lang='lat' dir='ltr'><strong>novum</strong></span> <span class='ocrx_word' id='word_1_61' title='bbox 1196 1755 1234 1815; x_wconf 90' lang='lat' dir='ltr'><strong>et</strong></span> <span class='ocrx_word' id='word_1_62' title='bbox 1265 1743 1412 1813; x_wconf 85' lang='lat' dir='ltr'><strong>inaudi-</strong></span> 
     </span>
     <span class='ocr_line' id='line_1_10' title="bbox 279 1875 1413 1971; baseline -0.003 -23"><span class='ocrx_word' id='word_1_63' title='bbox 279 1888 358 1948; x_wconf 90' lang='lat' dir='ltr'><strong>tum</strong></span> <span class='ocrx_word' id='word_1_64' title='bbox 391 1876 565 1971; x_wconf 87' lang='lat' dir='ltr'><strong>loquendi</strong></span> <span class='ocrx_word' id='word_1_65' title='bbox 597 1901 740 1953; x_wconf 81' lang='lat' dir='ltr'><strong>morem</strong></span> <span class='ocrx_word' id='word_1_66' title='bbox 766 1878 936 1971; x_wconf 80' lang='lat' dir='ltr'><strong>invehat,</strong></span> <span class='ocrx_word' id='word_1_67' title='bbox 966 1881 1067 1971; x_wconf 87' lang='lat' dir='ltr'><strong>dum,</strong></span> <span class='ocrx_word' id='word_1_68' title='bbox 1094 1880 1310 1954; x_wconf 79' lang='lat' dir='ltr'><strong>adversante</strong></span> <span class='ocrx_word' id='word_1_69' title='bbox 1335 1875 1413 1945; x_wconf 87' lang='lat' dir='ltr'><strong>eius</strong></span> 
     </span>
     <span class='ocr_line' id='line_1_11' title="bbox 285 2007 1414 2108; baseline -0.003 -27"><span class='ocrx_word' id='word_1_70' title='bbox 285 2011 455 2105; x_wconf 84' lang='lat' dir='ltr'><strong>linguas,</strong></span> <span class='ocrx_word' id='word_1_71' title='bbox 491 2037 562 2108; x_wconf 89' lang='lat' dir='ltr'><strong>qua</strong></span> <span class='ocrx_word' id='word_1_72' title='bbox 596 2015 739 2106; x_wconf 89' lang='lat' dir='ltr'><strong>utitur,</strong></span> <span class='ocrx_word' id='word_1_73' title='bbox 778 2015 908 2107; x_wconf 83' lang='lat' dir='ltr'><strong>genio,</strong></span> <span class='ocrx_word' id='word_1_74' title='bbox 940 2014 1095 2085; x_wconf 80' lang='lat' dir='ltr'><strong>verbum</strong></span> <span class='ocrx_word' id='word_1_75' title='bbox 1131 2035 1152 2082; x_wconf 91' lang='lat' dir='ltr'><strong>a</strong></span> <span class='ocrx_word' id='word_1_76' title='bbox 1185 2009 1299 2085; x_wconf 77' lang='lat' dir='ltr'><strong>uerbo</strong></span> <span class='ocrx_word' id='word_1_77' title='bbox 1333 2007 1414 2079; x_wconf 79' lang='lat' dir='ltr'><strong>retl-</strong></span> 
     </span>
     <span class='ocr_line' id='line_1_12' title="bbox 282 2139 1414 2235; baseline -0.004 -22"><span class='ocrx_word' id='word_1_78' title='bbox 282 2146 371 2217; x_wconf 86' lang='lat' dir='ltr'><strong>dera</strong></span> <span class='ocrx_word' id='word_1_79' title='bbox 396 2159 569 2222; x_wconf 83' lang='lat' dir='ltr'><strong>conatur:</strong></span> <span class='ocrx_word' id='word_1_80' title='bbox 593 2146 799 2218; x_wconf 85' lang='lat' dir='ltr'><strong>necessario</strong></span> <span class='ocrx_word' id='word_1_81' title='bbox 824 2147 961 2235; x_wconf 81' lang='lat' dir='ltr'><strong>evenit,</strong></span> <span class='ocrx_word' id='word_1_82' title='bbox 989 2157 1030 2216; x_wconf 91' lang='lat' dir='ltr'><strong>ut</strong></span> <span class='ocrx_word' id='word_1_83' title='bbox 1055 2144 1255 2215; x_wconf 88' lang='lat' dir='ltr'><strong>locutiones</strong></span> <span class='ocrx_word' id='word_1_84' title='bbox 1282 2139 1414 2214; x_wconf 77' lang='lat' dir='ltr'><strong>verbo·</strong></span> 
     </span>
    </p>
   </div>
   <div class='ocr_carea' id='block_1_3' title="bbox 283 2259 1412 2372">
    <p class='ocr_par' dir='ltr' id='par_1_3' title="bbox 283 2259 1412 2372">
     <span class='ocr_line' id='line_1_13' title="bbox 283 2259 1412 2372; baseline -0.007 -24"><span class='ocrx_word' id='word_1_85' title='bbox 283 2259 437 2372; x_wconf 61' lang='lat' dir='ltr'><strong>rumqu&#39;a</strong></span> <span class='ocrx_word' id='word_1_86' title='bbox 461 2277 724 2366; x_wconf 76' lang='lat' dir='ltr'><strong>conclusiones,</strong></span> <span class='ocrx_word' id='word_1_87' title='bbox 752 2301 844 2370; x_wconf 87' lang='lat' dir='ltr'><strong>quas</strong></span> <span class='ocrx_word' id='word_1_88' title='bbox 870 2279 1012 2369; x_wconf 83' lang='lat' dir='ltr'><strong>linguae</strong></span> <span class='ocrx_word' id='word_1_89' title='bbox 1036 2278 1143 2368; x_wconf 79' lang='lat' dir='ltr'><strong>longa</strong></span> <span class='ocrx_word' id='word_1_90' title='bbox 1168 2277 1332 2348; x_wconf 83' lang='lat' dir='ltr'><strong>diversae</strong></span> <span class='ocrx_word' id='word_1_91' title='bbox 1360 2272 1412 2341; x_wconf 91' lang='lat' dir='ltr'><strong>in·</strong></span> 
     </span>
    </p>
   </div>
   <div class='ocr_carea' id='block_1_4' title="bbox 258 2403 1422 4766">
    <p class='ocr_par' dir='ltr' id='par_1_4' title="bbox 281 2403 1416 2767">
     <span class='ocr_line' id='line_1_14' title="bbox 281 2403 1416 2502; baseline -0.005 -26"><span class='ocrx_word' id='word_1_92' title='bbox 281 2408 375 2478; x_wconf 85' lang='lat' dir='ltr'><strong>dolis</strong></span> <span class='ocrx_word' id='word_1_93' title='bbox 412 2410 587 2502; x_wconf 88' lang='lat' dir='ltr'><strong>propriae</strong></span> <span class='ocrx_word' id='word_1_94' title='bbox 626 2418 712 2477; x_wconf 89' lang='lat' dir='ltr'><strong>sunt</strong></span> <span class='ocrx_word' id='word_1_95' title='bbox 742 2431 785 2479; x_wconf 93' lang='lat' dir='ltr'><strong>ac</strong></span> <span class='ocrx_word' id='word_1_96' title='bbox 817 2409 1059 2498; x_wconf 86' lang='lat' dir='ltr'><strong>domesticae,</strong></span> <span class='ocrx_word' id='word_1_97' title='bbox 1090 2407 1246 2500; x_wconf 82' lang='lat' dir='ltr'><strong>ideoque</strong></span> <span class='ocrx_word' id='word_1_98' title='bbox 1280 2403 1416 2474; x_wconf 76' lang='lat' dir='ltr'><strong>leniter</strong></span> 
     </span>
     <span class='ocr_line' id='line_1_15' title="bbox 281 2535 1416 2635; baseline -0.004 -27"><span class='ocrx_word' id='word_1_99' title='bbox 281 2540 492 2635; x_wconf 88' lang='lat' dir='ltr'><strong>proiluunt,</strong></span> <span class='ocrx_word' id='word_1_100' title='bbox 518 2550 755 2634; x_wconf 86' lang='lat' dir='ltr'><strong>praepostera</strong></span> <span class='ocrx_word' id='word_1_101' title='bbox 789 2539 993 2611; x_wconf 76' lang='lat' dir='ltr'><strong>imitatione</strong></span> <span class='ocrx_word' id='word_1_102' title='bbox 1026 2538 1189 2628; x_wconf 82' lang='lat' dir='ltr'><strong>effictae,</strong></span> <span class='ocrx_word' id='word_1_103' title='bbox 1215 2535 1416 2607; x_wconf 89' lang='lat' dir='ltr'><strong>lectoribus</strong></span> 
     </span>
     <span class='ocr_line' id='line_1_16' title="bbox 281 2671 1128 2767; baseline -0.001 -25"><span class='ocrx_word' id='word_1_104' title='bbox 281 2683 470 2742; x_wconf 88' lang='lat' dir='ltr'><strong>contortae</strong></span> <span class='ocrx_word' id='word_1_105' title='bbox 496 2671 688 2746; x_wconf 85' lang='lat' dir='ltr'><strong>videantur</strong></span> <span class='ocrx_word' id='word_1_106' title='bbox 712 2683 822 2767; x_wconf 87' lang='lat' dir='ltr'><strong>atque</strong></span> <span class='ocrx_word' id='word_1_107' title='bbox 847 2671 1128 2766; x_wconf 83' lang='lat' dir='ltr'><strong>inexplicabiles.</strong></span> 
     </span>
    </p>

    <p class='ocr_par' dir='ltr' id='par_1_5' title="bbox 258 2804 1422 4766">
     <span class='ocr_line' id='line_1_17' title="bbox 383 2804 1416 2898; baseline 0.001 -24"><span class='ocrx_word' id='word_1_108' title='bbox 383 2805 557 2876; x_wconf 84' lang='lat' dir='ltr'><strong>Ceterum</strong></span> <span class='ocrx_word' id='word_1_109' title='bbox 584 2805 743 2898; x_wconf 80' lang='lat' dir='ltr'><strong>linguam</strong></span> <span class='ocrx_word' id='word_1_110' title='bbox 772 2805 942 2877; x_wconf 89' lang='lat' dir='ltr'><strong>Latinam</strong></span> <span class='ocrx_word' id='word_1_111' title='bbox 969 2804 1074 2878; x_wconf 82' lang='lat' dir='ltr'><strong>valde</strong></span> <span class='ocrx_word' id='word_1_112' title='bbox 1098 2804 1267 2875; x_wconf 87' lang='lat' dir='ltr'><strong>idoneam</strong></span> <span class='ocrx_word' id='word_1_113' title='bbox 1293 2805 1416 2877; x_wconf 85' lang='lat' dir='ltr'><strong>existi·</strong></span> 
     </span>
     <span class='ocr_line' id='line_1_18' title="bbox 281 2937 1419 3033; baseline -0.004 -24"><span class='ocrx_word' id='word_1_114' title='bbox 281 2962 356 3026; x_wconf 89' lang='lat' dir='ltr'><strong>mo,</strong></span> <span class='ocrx_word' id='word_1_115' title='bbox 384 2939 423 3008; x_wconf 88' lang='lat' dir='ltr'><strong>in</strong></span> <span class='ocrx_word' id='word_1_116' title='bbox 447 2962 556 3033; x_wconf 89' lang='lat' dir='ltr'><strong>quam</strong></span> <span class='ocrx_word' id='word_1_117' title='bbox 581 2937 667 3009; x_wconf 91' lang='lat' dir='ltr'><strong>libri</strong></span> <span class='ocrx_word' id='word_1_118' title='bbox 692 2939 868 3008; x_wconf 87' lang='lat' dir='ltr'><strong>Sauscriti</strong></span> <span class='ocrx_word' id='word_1_119' title='bbox 898 2947 1168 3009; x_wconf 82' lang='lat' dir='ltr'><strong>convertantur.</strong></span> <span class='ocrx_word' id='word_1_120' title='bbox 1218 2937 1302 3008; x_wconf 92' lang='lat' dir='ltr'><strong>Non</strong></span> <span class='ocrx_word' id='word_1_121' title='bbox 1328 2958 1419 3029; x_wconf 80' lang='lat' dir='ltr'><strong>gra-</strong></span> 
     </span>
     <span class='ocr_line' id='line_1_19' title="bbox 282 3070 1416 3165; baseline -0.006 -20"><span class='ocrx_word' id='word_1_122' title='bbox 282 3084 391 3145; x_wconf 80' lang='lat' dir='ltr'><strong>vetur</strong></span> <span class='ocrx_word' id='word_1_123' title='bbox 433 3094 477 3142; x_wconf 90' lang='lat' dir='ltr'><strong>ea</strong></span> <span class='ocrx_word' id='word_1_124' title='bbox 510 3071 659 3141; x_wconf 86' lang='lat' dir='ltr'><strong>sarcinis</strong></span> <span class='ocrx_word' id='word_1_125' title='bbox 699 3071 777 3142; x_wconf 89' lang='lat' dir='ltr'><strong>istis</strong></span> <span class='ocrx_word' id='word_1_126' title='bbox 813 3070 1105 3165; x_wconf 89' lang='lat' dir='ltr'><strong>particularum,</strong></span> <span class='ocrx_word' id='word_1_127' title='bbox 1150 3070 1416 3157; x_wconf 90' lang='lat' dir='ltr'><strong>articulorum,</strong></span> 
     </span>
     <span class='ocr_line' id='line_1_20' title="bbox 282 3202 1415 3299; baseline -0.004 -24"><span class='ocrx_word' id='word_1_128' title='bbox 282 3216 362 3276; x_wconf 88' lang='lat' dir='ltr'><strong>tum</strong></span> <span class='ocrx_word' id='word_1_129' title='bbox 384 3202 524 3274; x_wconf 84' lang='lat' dir='ltr'><strong>definiti</strong></span> <span class='ocrx_word' id='word_1_130' title='bbox 549 3216 627 3275; x_wconf 92' lang='lat' dir='ltr'><strong>tum</strong></span> <span class='ocrx_word' id='word_1_131' title='bbox 652 3203 845 3295; x_wconf 83' lang='lat' dir='ltr'><strong>indefiniti,</strong></span> <span class='ocrx_word' id='word_1_132' title='bbox 871 3204 1128 3299; x_wconf 86' lang='lat' dir='ltr'><strong>pronominum</strong></span> <span class='ocrx_word' id='word_1_133' title='bbox 1153 3205 1415 3298; x_wconf 85' lang='lat' dir='ltr'><strong>personalium,</strong></span> 
     </span>
     <span class='ocr_line' id='line_1_21' title="bbox 281 3334 1419 3431; baseline -0.005 -20"><span class='ocrx_word' id='word_1_134' title='bbox 281 3337 556 3431; x_wconf 66' lang='lat' dir='ltr'><strong>verborumque</strong></span> <span class='ocrx_word' id='word_1_135' title='bbox 583 3337 719 3409; x_wconf 87' lang='lat' dir='ltr'><strong>diversi</strong></span> <span class='ocrx_word' id='word_1_136' title='bbox 755 3339 897 3430; x_wconf 81' lang='lat' dir='ltr'><strong>generis</strong></span> <span class='ocrx_word' id='word_1_137' title='bbox 931 3337 1188 3428; x_wconf 83' lang='lat' dir='ltr'><strong>auxiliarium,</strong></span> <span class='ocrx_word' id='word_1_138' title='bbox 1221 3363 1308 3431; x_wconf 88' lang='lat' dir='ltr'><strong>quus</strong></span> <span class='ocrx_word' id='word_1_139' title='bbox 1332 3334 1419 3429; x_wconf 91' lang='lat' dir='ltr'><strong>pla-</strong></span> 
     </span>
     <span class='ocr_line' id='line_1_22' title="bbox 258 3470 1416 3565; baseline -0.003 -25"><span class='ocrx_word' id='word_1_140' title='bbox 258 3511 260 3516; x_wconf 35' lang='lat'><em>*</em></span> <span class='ocrx_word' id='word_1_141' title='bbox 284 3493 420 3564; x_wconf 86' lang='lat' dir='ltr'><strong>raeque</strong></span> <span class='ocrx_word' id='word_1_142' title='bbox 436 3470 656 3564; x_wconf 91' lang='lat' dir='ltr'><strong>populorum</strong></span> <span class='ocrx_word' id='word_1_143' title='bbox 673 3471 845 3565; x_wconf 81' lang='lat' dir='ltr'><strong>Europae</strong></span> <span class='ocrx_word' id='word_1_144' title='bbox 863 3472 1110 3541; x_wconf 82' lang='lat' dir='ltr'><strong>recentiorum</strong></span> <span class='ocrx_word' id='word_1_145' title='bbox 1130 3471 1273 3562; x_wconf 84' lang='lat' dir='ltr'><strong>linguas</strong></span> <span class='ocrx_word' id='word_1_146' title='bbox 1294 3491 1416 3537; x_wconf 89' lang='lat' dir='ltr'><strong>secum</strong></span> 
     </span>
     <span class='ocr_line' id='line_1_23' title="bbox 281 3601 1417 3698; baseline -0.004 -25"><span class='ocrx_word' id='word_1_147' title='bbox 281 3601 431 3673; x_wconf 88' lang='lat' dir='ltr'><strong>trahere</strong></span> <span class='ocrx_word' id='word_1_148' title='bbox 474 3614 676 3696; x_wconf 77' lang='lat' dir='ltr'><strong>eoguntur,</strong></span> <span class='ocrx_word' id='word_1_149' title='bbox 717 3615 869 3698; x_wconf 90' lang='lat' dir='ltr'><strong>propter</strong></span> <span class='ocrx_word' id='word_1_150' title='bbox 910 3604 1204 3674; x_wconf 88' lang='lat' dir='ltr'><strong>terminationum</strong></span> <span class='ocrx_word' id='word_1_151' title='bbox 1239 3603 1417 3696; x_wconf 89' lang='lat' dir='ltr'><strong>inopiam,</strong></span> 
     </span>
     <span class='ocr_line' id='line_1_24' title="bbox 284 3736 1419 3831; baseline -0.003 -26"><span class='ocrx_word' id='word_1_152' title='bbox 284 3736 414 3831; x_wconf 90' lang='lat' dir='ltr'><strong>quibus</strong></span> <span class='ocrx_word' id='word_1_153' title='bbox 438 3758 594 3829; x_wconf 80' lang='lat' dir='ltr'><strong>genera,</strong></span> <span class='ocrx_word' id='word_1_154' title='bbox 621 3739 788 3830; x_wconf 87' lang='lat' dir='ltr'><strong>numeri,</strong></span> <span class='ocrx_word' id='word_1_155' title='bbox 830 3761 932 3807; x_wconf 89' lang='lat' dir='ltr'><strong>casus</strong></span> <span class='ocrx_word' id='word_1_156' title='bbox 968 3740 1182 3827; x_wconf 90' lang='lat' dir='ltr'><strong>nominum,</strong></span> <span class='ocrx_word' id='word_1_157' title='bbox 1217 3755 1419 3830; x_wconf 83' lang='lat' dir='ltr'><strong>personae,</strong></span> 
     </span>
     <span class='ocr_line' id='line_1_25' title="bbox 283 3869 1418 3964; baseline -0.004 -24"><span class='ocrx_word' id='word_1_158' title='bbox 283 3882 473 3964; x_wconf 89' lang='lat' dir='ltr'><strong>tempora,</strong></span> <span class='ocrx_word' id='word_1_159' title='bbox 510 3869 611 3939; x_wconf 88' lang='lat' dir='ltr'><strong>modi</strong></span> <span class='ocrx_word' id='word_1_160' title='bbox 648 3871 846 3941; x_wconf 81' lang='lat' dir='ltr'><strong>verborum</strong></span> <span class='ocrx_word' id='word_1_161' title='bbox 878 3883 961 3964; x_wconf 89' lang='lat' dir='ltr'><strong>apta</strong></span> <span class='ocrx_word' id='word_1_162' title='bbox 985 3882 1022 3941; x_wconf 91' lang='lat' dir='ltr'><strong>et</strong></span> <span class='ocrx_word' id='word_1_163' title='bbox 1054 3896 1138 3940; x_wconf 90' lang='lat' dir='ltr'><strong>cum</strong></span> <span class='ocrx_word' id='word_1_164' title='bbox 1164 3894 1300 3940; x_wconf 91' lang='lat' dir='ltr'><strong>sonora</strong></span> <span class='ocrx_word' id='word_1_165' title='bbox 1331 3889 1418 3962; x_wconf 90' lang='lat' dir='ltr'><strong>qua·</strong></span> 
     </span>
     <span class='ocr_line' id='line_1_26' title="bbox 285 4000 1418 4075; baseline -0.004 -3"><span class='ocrx_word' id='word_1_166' title='bbox 285 4003 369 4074; x_wconf 85' lang='lat' dir='ltr'><strong>dam</strong></span> <span class='ocrx_word' id='word_1_167' title='bbox 403 4005 581 4074; x_wconf 82' lang='lat' dir='ltr'><strong>suavitate</strong></span> <span class='ocrx_word' id='word_1_168' title='bbox 621 4002 926 4073; x_wconf 85' lang='lat' dir='ltr'><strong>discriminentur.</strong></span> <span class='ocrx_word' id='word_1_169' title='bbox 1000 4004 1145 4074; x_wconf 88' lang='lat' dir='ltr'><strong>Idcirco</strong></span> <span class='ocrx_word' id='word_1_170' title='bbox 1178 4028 1300 4075; x_wconf 89' lang='lat' dir='ltr'><strong>sermo</strong></span> <span class='ocrx_word' id='word_1_171' title='bbox 1339 4000 1418 4071; x_wconf 90' lang='lat' dir='ltr'><strong>La-</strong></span> 
     </span>
     <span class='ocr_line' id='line_1_27' title="bbox 284 4134 1420 4231; baseline -0.003 -27"><span class='ocrx_word' id='word_1_172' title='bbox 284 4136 383 4206; x_wconf 90' lang='lat' dir='ltr'><strong>tinus</strong></span> <span class='ocrx_word' id='word_1_173' title='bbox 407 4148 484 4206; x_wconf 91' lang='lat' dir='ltr'><strong>tum</strong></span> <span class='ocrx_word' id='word_1_174' title='bbox 511 4137 709 4209; x_wconf 77' lang='lat' dir='ltr'><strong>verborum</strong></span> <span class='ocrx_word' id='word_1_175' title='bbox 734 4149 953 4226; x_wconf 88' lang='lat' dir='ltr'><strong>structuras,</strong></span> <span class='ocrx_word' id='word_1_176' title='bbox 979 4136 1102 4231; x_wconf 89' lang='lat' dir='ltr'><strong>quales</strong></span> <span class='ocrx_word' id='word_1_177' title='bbox 1127 4138 1273 4208; x_wconf 90' lang='lat' dir='ltr'><strong>suntin</strong></span> <span class='ocrx_word' id='word_1_178' title='bbox 1297 4134 1420 4226; x_wconf 82' lang='lat' dir='ltr'><strong>lingua</strong></span> 
     </span>
     <span class='ocr_line' id='line_1_28' title="bbox 286 4267 1419 4357; baseline 0.004 -20"><span class='ocrx_word' id='word_1_179' title='bbox 286 4269 494 4357; x_wconf 85' lang='lat' dir='ltr'><strong>Senserita,</strong></span> <span class='ocrx_word' id='word_1_180' title='bbox 528 4282 566 4340; x_wconf 86' lang='lat' dir='ltr'><strong>et</strong></span> <span class='ocrx_word' id='word_1_181' title='bbox 598 4269 824 4341; x_wconf 85' lang='lat' dir='ltr'><strong>inversiones</strong></span> <span class='ocrx_word' id='word_1_182' title='bbox 857 4271 1108 4339; x_wconf 79' lang='lat' dir='ltr'><strong>audacissimos</strong></span> <span class='ocrx_word' id='word_1_183' title='bbox 1142 4267 1298 4340; x_wconf 79' lang='lat' dir='ltr'><strong>feliciter</strong></span> <span class='ocrx_word' id='word_1_184' title='bbox 1329 4267 1419 4341; x_wconf 90' lang='lat' dir='ltr'><strong>imi·</strong></span> 
     </span>
     <span class='ocr_line' id='line_1_29' title="bbox 286 4402 1422 4496; baseline 0.002 -26"><span class='ocrx_word' id='word_1_185' title='bbox 286 4402 357 4470; x_wconf 85' lang='lat' dir='ltr'><strong>tari</strong></span> <span class='ocrx_word' id='word_1_186' title='bbox 377 4413 517 4494; x_wconf 85' lang='lat' dir='ltr'><strong>potest,</strong></span> <span class='ocrx_word' id='word_1_187' title='bbox 547 4426 659 4496; x_wconf 92' lang='lat' dir='ltr'><strong>quum</strong></span> <span class='ocrx_word' id='word_1_188' title='bbox 682 4404 780 4496; x_wconf 87' lang='lat' dir='ltr'><strong>ipsae</strong></span> <span class='ocrx_word' id='word_1_189' title='bbox 803 4403 1075 4473; x_wconf 83' lang='lat' dir='ltr'><strong>terminationes</strong></span> <span class='ocrx_word' id='word_1_190' title='bbox 1103 4402 1281 4495; x_wconf 82' lang='lat' dir='ltr'><strong>prodant,</strong></span> <span class='ocrx_word' id='word_1_191' title='bbox 1308 4425 1422 4496; x_wconf 86' lang='lat' dir='ltr'><strong>quaa·</strong></span> 
     </span>
     <span class='ocr_line' id='line_1_30' title="bbox 288 4534 1417 4630; baseline 0.003 -26"><span class='ocrx_word' id='word_1_192' title='bbox 288 4557 370 4604; x_wconf 87' lang='lat' dir='ltr'><strong>nam</strong></span> <span class='ocrx_word' id='word_1_193' title='bbox 398 4534 588 4626; x_wconf 87' lang='lat' dir='ltr'><strong>dictiones,</strong></span> <span class='ocrx_word' id='word_1_194' title='bbox 615 4536 684 4606; x_wconf 83' lang='lat' dir='ltr'><strong>etsi</strong></span> <span class='ocrx_word' id='word_1_195' title='bbox 708 4534 817 4630; x_wconf 83' lang='lat' dir='ltr'><strong>longo</strong></span> <span class='ocrx_word' id='word_1_196' title='bbox 833 4537 1029 4608; x_wconf 83' lang='lat' dir='ltr'><strong>verborum</strong></span> <span class='ocrx_word' id='word_1_197' title='bbox 1051 4537 1187 4605; x_wconf 84' lang='lat' dir='ltr'><strong>ambitu</strong></span> <span class='ocrx_word' id='word_1_198' title='bbox 1205 4537 1417 4627; x_wconf 82' lang='lat' dir='ltr'><strong>disiunctae,</strong></span> 
     </span>
     <span class='ocr_line' id='line_1_31' title="bbox 287 4669 1419 4766; baseline 0.004 -29"><span class='ocrx_word' id='word_1_199' title='bbox 287 4690 397 4738; x_wconf 87' lang='lat' dir='ltr'><strong>sensu</strong></span> <span class='ocrx_word' id='word_1_200' title='bbox 423 4669 521 4741; x_wconf 86' lang='lat' dir='ltr'><strong>inter</strong></span> <span class='ocrx_word' id='word_1_201' title='bbox 545 4694 585 4744; x_wconf 86' lang='lat' dir='ltr'><strong>se</strong></span> <span class='ocrx_word' id='word_1_202' title='bbox 601 4673 673 4744; x_wconf 85' lang='lat' dir='ltr'><strong>sint</strong></span> <span class='ocrx_word' id='word_1_203' title='bbox 691 4671 927 4766; x_wconf 82' lang='lat' dir='ltr'><strong>colligandae,</strong></span> <span class='ocrx_word' id='word_1_204' title='bbox 954 4684 1030 4742; x_wconf 90' lang='lat' dir='ltr'><strong>tum</strong></span> <span class='ocrx_word' id='word_1_205' title='bbox 1057 4670 1274 4745; x_wconf 79' lang='lat' dir='ltr'><strong>brevitatem</strong></span> <span class='ocrx_word' id='word_1_206' title='bbox 1299 4692 1419 4741; x_wconf 87' lang='lat' dir='ltr'><strong>aemu-</strong></span> 
     </span>
    </p>
   </div>
   <div class='ocr_carea' id='block_1_5' title="bbox 0 0 1718 5264">
    <p class='ocr_par' dir='ltr' id='par_1_6' title="bbox 0 0 1718 5264">
     <span class='ocr_line' id='line_1_32' title="bbox 0 0 1718 5264; baseline 0 0"><span class='ocrx_word' id='word_1_207' title='bbox 0 0 1718 5264; x_wconf 95' lang='lat' dir='ltr'><strong> </strong></span> 
     </span>
    </p>
   </div>
  </div>
 </body>
</html>
