3398 5264
676 545 923 616 Pasarnrto.
1301 569 1378 621 nx

243 727 466 800 recedentem
485 726 668 821 producit.
719 725 867 821 Syllaba
893 725 1000 817 longa
1025 726 1183 798 duorum
1198 739 1264 800 'est
1288 739 1378 803 tem-

242 879 384 953 porum,
412 841 535 930 brevis
562 859 701 948 unius,
720 856 828 949 plane
854 869 896 927 ut
921 858 1017 950 apud
1043 856 1208 929 Graecos
1232 871 1271 957 et
1295 861 1378 932 La·

242 992 348 1061 tinus.
387 989 534 1083 Duplici
560 1000 683 1061 autem
709 1012 881 1062 rcrsuum
900 1012 1033 1082 genere
1051 990 1178 1085 politas
1195 991 1375 1066 Indorum

240 1125 294 1196 uti
307 1148 371 1195 nos
391 1123 498 1195 docet
513 1123 796 1203 Celebroolrius:
822 1148 979 1219 quorum
998 1125 1154 1196 alterum
1173 1128 1374 1221 quantitate

240 1259 467 1349 metiuntur,
495 1257 666 1333 videlicet
698 1268 741 1328 ut
772 1258 994 1352 syllabarum
1031 1281 1205 1330 numerus
1240 1261 1377 1337 variari

240 1393 377 1488 possit,
414 1391 612 1462 dummodo
648 1401 857 1488 temporum
889 1415 1065 1464 numerus
1096 1406 1256 1494 constet3
1281 1396 1378 1470 alto·

240 1549 322 1597 rum
348 1536 450 1599 certo
474 1525 698 1622 syllabarum
727 1549 884 1599 numero
909 1529 1141 1600 terminatur.
1192 1529 1279 1603 Hoc
1302 1557 1377 1627 po-

240 1661 371 1732 sterius
404 1662 539 1731 iterum
574 1659 614 1730 in
647 1661 723 1730 duo
759 1684 893 1753 genera
928 1662 1180 1755 distribuitur,
1218 1689 1376 1760 quorum

127 1775 128 1779 ¹
241 1791 397 1862 alterum
430 1790 797 1862 monoschemnticum
834 1793 957 1864 dicere
988 1819 1192 1889 possumus,
1229 1797 1268 1867 iu
1301 1823 1375 1894 que

241 1945 386 2021 semper
425 1923 536 1994 iidem
573 1925 681 2017 pedes
718 1926 847 1996 eodem
887 1926 1017 1999 ordino
1055 1930 1239 2028 redeunt3
1277 1931 1376 2002 alte·

242 2082 326 2131 rum
359 2057 517 2128 liberum
554 2060 633 2129 sine
663 2059 739 2130 ullo
773 2063 983 2156 quantitatis
1011 2075 1192 2159 respectu.
1258 2065 1376 2137 Eius-

240 2190 341 2261 modi
361 2212 503 2281 versus,
530 2189 600 2260 nisi
620 2193 766 2262 accedat
791 2193 1071 2287 ὁμοιοτέλευτον
1087 2195 1147 2271 vel
1172 2197 1244 2266 alia
1267 2221 1376 2291 quae·

240 2323 324 2393 dam
361 2345 536 2393 sonorum
577 2323 831 2415 concinnitas,
877 2326 942 2396 vix
981 2325 1051 2397 hoc
1087 2329 1236 2400 nomine
1275 2329 1377 2421 digni

239 2479 319 2527 csso
352 2456 534 2531 videntur.
610 2457 809 2551 Quousque
837 2455 985 2528 licentia
1017 2457 1249 2533 versificandi
1280 2486 1376 2538 ara-

239 2600 345 2681 getur
369 2590 407 2659 in
435 2588 572 2679 Vadis,
600 2590 748 2686 ignor03
773 2588 838 2659 sed
867 2590 950 2660 ficri
978 2593 1117 2686 potuit,
1145 2605 1188 2665 ut
1221 2605 1375 2690 propter
1409 2579 1412 2585 7

238 2721 461 2817 antiquitatis
494 2725 739 2794 reverentiam
773 2734 810 2794 et
847 2723 1009 2796 divinam
1042 2726 1131 2798 libri
1171 2734 1374 2799 auctorita-

235 2863 312 2923 tem
345 2875 415 2945 pro
440 2851 606 2925 versibus
634 2852 885 2946 haberentur,
930 2857 993 2949 qui
1024 2860 1106 2931 veri
1140 2883 1269 2932 versus
1298 2886 1374 2935 non

236 2995 341 3077 sunt,
368 2996 430 3055 aut
453 2983 582 3054 saltem
607 2984 713 3057 valde
739 2984 849 3055 rudes
875 2996 912 3056 ot
930 2987 1148 3080 imperfecti.
1172 2990 1276 3061 Istud
1302 3015 1373 3066 ve-

237 3144 280 3194 ro
313 3132 472 3192 metrum
504 3119 696 3189 heroicum
733 3129 772 3189 et
806 3118 1015 3212 gnomicum
1031 3171 1042 3212 ,
1085 3121 1133 3192 de
1167 3148 1240 3217 quo
1275 3149 1374 3199 nunc

237 3257 379 3349 agitur,
416 3254 462 3324 ad
492 3253 653 3324 madium
680 3251 864 3347 quoddam
896 3276 1009 3346 genus
1032 3255 1196 3349 pertinet
1219 3270 1257 3330 et
1280 3261 1373 3332 mix·

237 3399 314 3458 tum
340 3412 387 3459 ex
410 3399 592 3481 utroque:
619 3385 754 3480 qnippe
777 3386 817 3455 in
842 3386 945 3456 cuius
960 3399 1067 3481 parte
1083 3388 1207 3483 aliqua
1224 3392 1396 3486 syllabis,
1453 3481 1461 3512 Ι

239 3519 353 3612 longis
376 3519 437 3592 vel
461 3521 633 3593 brevibus
657 3520 864 3613 promiscue
888 3520 945 3590 uti
970 3519 1099 3613 liccat,
1131 3522 1250 3593 altera
1284 3549 1371 3620 pars

238 3656 346 3723 certis
369 3653 506 3747 legibus
531 3654 579 3723 sit
603 3653 785 3727 adstricta.
811 3654 944 3723 Slocus
958 3637 1018 3739 'est
1036 3654 1238 3747 distichon,
1267 3659 1370 3731 cuius

238 3797 391 3880 uterque
416 3809 542 3857 versus
579 3786 736 3857 sedecim
774 3786 920 3880 syllabis
956 3798 1118 3876 constat,
1153 3798 1191 3858 at
1219 3812 1371 3864 caesura

237 3900 437 4014 aequaliter
456 3920 641 3992 dividitur.
674 3919 850 3990 Nonnulli
869 3920 985 4008 aiunt,
1013 3920 1163 3989 Slocum
1181 3923 1371 4015 quaternis

237 4052 401 4124 versibus
430 4062 514 4122 octo
538 4053 758 4146 syllabarum
784 4052 946 4144 absolvi,
987 4053 1051 4122 sed
1078 4056 1283 4127 accuratior
1315 4071 1371 4134 est

111 4260 116 4270 ,
236 4194 360 4258 nostra
385 4185 490 4255 ratio.
540 4183 626 4255 Hoc
661 4187 758 4257 enim
794 4185 951 4257 interest
984 4186 1083 4256 inter
1116 4209 1304 4260 caesuram
1332 4205 1370 4264 at

236 4321 363 4390 versus
388 4317 609 4406 clausulam,
637 4318 735 4412 qnod
758 4318 968 4389 coniunctio
993 4317 1199 4388 litterarum
1226 4287 1367 4429 (lifts)

236 4474 422 4523 caesuram
447 4452 653 4545 egreditur,
688 4454 826 4524 sistitur
851 4463 980 4523 contra
1005 4453 1045 4522 in
1083 4450 1154 4523 smc
1182 4472 1366 4524 versuum.

236 4585 482 4683 Porriguntur
513 4613 657 4686 quoquc
690 4588 872 4662 interdum
908 4586 1003 4658 ultra
1036 4609 1222 4659 caesuram
1254 4588 1368 4662 rerba
