3398 5264
799 615 1046 684 Pasarsrro.

483 798 645 866 ediscere
672 805 884 882 vacaverat,
921 793 1065 864 liberali
1091 794 1246 887 quodam
1273 793 1395 864 studio
1421 820 1493 889 op-

482 928 572 997 time
597 926 740 1019 meriti,
773 924 836 996 De
867 924 1013 1018 Potior,
1050 924 1138 995 alirn
1171 928 1312 997 tribuni
1337 928 1495 1000 militurn

482 1063 578 1172 apud
603 1061 752 1156 Anglos,
780 1061 911 1133 deinde
933 1061 1029 1157 apud
1047 1059 1184 1151 Indiae,
1210 1064 1272 1158 qui
1297 1074 1384 1134 tunc
1407 1061 1494 1152 suit,

484 1199 755 1290 imperatorem.
840 1195 970 1268 Codex
998 1197 1059 1268 lric
1095 1197 1212 1269 literis
1255 1198 1495 1269 crassioribus

487 1343 655 1402 exaratus
682 1331 881 1421 lachana,
906 1331 976 1405 nisi
1010 1331 1140 1426 fallor,
1178 1354 1252 1403 non
1281 1333 1327 1403 ab
1356 1332 1498 1427 opifici·

488 1464 556 1533 bus
591 1463 725 1535 Indicis
758 1479 992 1559 praeparata,
1027 1466 1094 1536 sed
1119 1490 1165 1537 ex
1190 1467 1341 1559 Europa
1365 1465 1495 1553 allata,

488 1596 652 1666 ominus
686 1595 793 1666 docta
824 1620 934 1667 manu
958 1596 1144 1692 proiectas
1167 1610 1244 1688 est,
1277 1610 1498 1668 nontamen

486 1728 595 1825 plane
626 1730 923 1801 contemnendus.
981 1730 1142 1802 Omnino
1178 1732 1294 1802 Codd.
1322 1731 1365 1801 B.
1392 1742 1429 1802 et
1455 1729 1498 1799 C.

490 1864 649 1956 optimae
680 1877 765 1935 sunt
788 1874 918 1957 notae;
945 1865 1037 1936 Cod.
1063 1865 1106 1937 Α.
1133 1864 1396 1937 commentario
1421 1884 1501 1932 sese

488 1996 737 2087 commendat,
772 2008 934 2069 ceterum
978 1998 1147 2090 castigata
1184 1999 1366 2094 scriptura
1390 1997 1501 2067 lrosce

489 2125 646 2199 sortasse
672 2133 914 2226 non'aequat.

463 2259 521 2331 Ne
546 2264 756 2356 cuiusquam
781 2268 820 2334 ia
854 2265 1178 2356 unagaen-Grae
1203 2276 1307 2337 textu
1332 2274 1501 2336 navatam

355 2416 517 2488 ‚operam
540 2394 720 2466 invidiose
756 2397 1002 2468 dissimulasse
1028 2400 1175 2489 videar,
1210 2400 1326 2470 verbo
1352 2418 1502 2465 monen-

366 2524 455 2595 dum
480 2536 535 2596 est
559 2525 605 2594 de
630 2528 810 2621 excerptis
837 2551 884 2597 ex
909 2529 980 2599 lroe
1007 2532 1192 2619 carmine,
1224 2553 1315 2623 qnae
1353 2527 1503 2595 Otluna-

368 2679 434 2728 rus
457 2657 608 2746 lama,
635 2657 820 2752 professor
847 2659 1164 2754 llerbipolitanus,
1192 2658 1504 2731 curestomaunae

368 2812 455 2859 suae
480 2789 687 2859 Sanscritae
713 2794 809 2885 parti
832 2795 1013 2863 secundae
1038 2794 1209 2862 inseruit.

466 2919 689 2993 Prodierunt
713 2947 757 2993 ea
783 2946 877 2993 anno
907 2925 1015 3010 1821,
1043 2946 1114 3016 qno
1139 2934 1306 3016 tempore
1331 2922 1403 2990 iam
1430 2945 1505 2990 om·

368 3053 429 3124 nia
454 3054 636 3145 praesidia
661 3054 707 3124 ad
732 3055 931 3124 editionem
953 3078 1069 3124 meam
1090 3055 1376 3126 concinnandam
1402 3075 1506 3148 para·

368 3208 512 3260 veram:
532 3185 597 3256 sed
621 3185 761 3256 etiarnsi
787 3187 902 3257 multo
927 3187 1028 3281 prius
1053 3188 1091 3256 irt
1116 3212 1244 3257 manus
1266 3210 1366 3257 meas
1391 3186 1506 3257 renis·

369 3327 464 3406 sent,
491 3316 584 3386 nihil
610 3318 806 3411 quidquam
831 3319 869 3387 in
897 3318 967 3387 illis
993 3342 1051 3387 me
1085 3321 1248 3388 risurum
1274 3315 1384 3387 fuisse
1411 3316 1507 3384 arbi·

368 3462 473 3538 tror,
511 3450 612 3543 quod
646 3451 693 3519 ab
726 3451 891 3520 instituto
936 3473 1019 3518 meo
1053 3450 1243 3520 deterrere
1279 3472 1340 3518 me
1374 3458 1506 3540 posset.

370 3581 535 3652 Exhibet
560 3581 754 3669 Frenlius,
781 3583 904 3651 nescio
929 3605 1002 3674 quo
1028 3581 1201 3673 consilio,
1229 3604 1379 3652 carmen
1404 3603 1427 3648 a
1452 3602 1508 3647 ca·

368 3715 445 3810 pite
470 3727 508 3785 et
532 3712 604 3786 tiae
630 3737 816 3786 mancum:
843 3716 1008 3808 priorum
1034 3726 1189 3810 quatuor
1208 3715 1406 3785 lectionum
1424 3712 1509 3783 toea

370 3848 521 3942 selecta,
546 3862 738 3946 sequentes
764 3872 878 3944 usqae
903 3849 950 3919 ad
975 3852 1121 3921 tertiam
1143 3849 1321 3922 decimam
1341 3851 1507 3940 integras.

370 3983 518 4057 Harum
550 3999 692 4060 textum
723 3986 827 4058 dedit
856 3988 996 4061 nudum
1021 3988 1099 4057 sine
1125 3988 1200 4058 ulla
1224 3982 1508 4056 animaduersio·

371 4142 441 4212 ne;
466 4123 632 4215 priorum
649 4122 829 4217 excerptis
854 4123 1193 4215 interpretationem
1220 4119 1375 4189 addidit:
1402 4140 1507 4210 quant

371 4255 507 4348 siquis
532 4254 714 4348 intelligit,
740 4278 809 4325 nae
833 4278 915 4324 eum
943 4277 1001 4324 nae
1023 4256 1245 4346 sagaciorem
1271 4277 1368 4342 esse,
1398 4251 1509 4319 liben-

370 4397 430 4456 ter
452 4384 582 4456 fateor.
631 4386 787 4456 Sustulit
811 4385 989 4456 nonnulla
1014 4386 1145 4457 menda
1173 4388 1342 4458 editionis
1365 4383 1509 4452 Calent-

371 4519 497 4606 tensis,
523 4521 638 4591 multo
663 4520 771 4614 plura
795 4520 993 4591 subsistere
1019 4545 1142 4613 passus
1168 4535 1240 4607 est,
1268 4544 1382 4593 novos
1409 4537 1509 4586 erro·

374 4676 433 4724 res
459 4654 505 4725 de
529 4678 596 4725 sao
622 4655 720 4726 haud
745 4676 880 4752 paucos
913 4679 1066 4729 nurnero
1101 4658 1265 4729 invexit:
1300 4655 1346 4724 de
1380 4650 1510 4744 quilius
