3398 5264
681 512 928 584 Pnasrarro.
970 549 971 554 =
1320 538 1375 589 xv

242 698 433 793 separandi
458 696 619 766 facultas.
672 697 791 767 Satius
817 707 873 766 est
902 696 1037 789 igitur,
1075 700 1258 772 naturales
1281 724 1376 796 pro-

243 830 431 901 nuntiandi
455 829 551 922 leges
576 804 671 898 solas
704 840 879 921 spectare.

338 963 452 1032 Recte
477 960 619 1031 monuit
644 961 818 1054 Boppiuc
843 962 881 1029 in
906 958 1133 1053 praefatione
1157 987 1221 1033 sua
1239 967 1285 1036 ad
1303 967 1378 1062 epi·

241 1097 382 1169 sodium
408 1096 454 1166 de
478 1094 600 1187 Nala,
631 1119 724 1189 quae
749 1095 788 1164 in
813 1094 978 1168 vocalem
1004 1081 1174 1169 desinunt
1198 1109 1236 1169 et
1253 1123 1274 1168 a
1290 1124 1376 1172 eon-

242 1244 391 1306 sonante
417 1232 669 1326 excipiuntur,
697 1230 769 1303 rite
787 1233 949 1327 separari
964 1256 1094 1327 posse3
1120 1219 1377 1308 consonantem

243 1368 388 1440 finalem
412 1378 540 1438 contra
564 1391 648 1436 cum
673 1366 792 1440 vocali
817 1369 982 1461 sequenti
1005 1366 1045 1439 in
1064 1392 1174 1440 unam
1199 1370 1378 1464 syllabam

243 1502 455 1574 coalescere.
490 1501 647 1591 Quodsi
668 1525 867 1571 consonans
891 1503 930 1571 in
954 1501 1028 1572 tine
1055 1502 1222 1572 vocabuli
1243 1505 1289 1572 ab
1308 1503 1379 1573 alia

244 1644 464 1705 consonante
488 1633 692 1726 excipitur,
721 1620 862 1726 quoties
883 1633 988 1724 prior
1006 1645 1068 1703 aut
1096 1658 1224 1727 reapse
1247 1646 1301 1705 est
1317 1647 1381 1706 te·

245 1768 345 1858 nnis,
373 1776 434 1836 aut
457 1766 496 1837 in
520 1774 668 1834 tenuem
694 1766 813 1855 abiit,
840 1764 928 1834 licet
962 1790 1044 1837 eam
1071 1791 1249 1862 apocopes
1274 1770 1377 1862 signo

246 1900 410 1996 apposito
436 1923 459 1969 a
482 1898 647 1993 sequenti
673 1896 851 1969 vocabulo
882 1921 1079 1993 separare3
1112 1902 1230 1970 media
1261 1900 1377 1972 finalis

246 2058 357 2127 tero,
384 2034 462 2107 sire
486 2033 605 2104 tenuis
631 2032 669 2103 in
695 2032 854 2104 mediam
881 2031 1065 2126 emollita,
1103 2046 1186 2129 eget
1218 2061 1288 2131 ope
1317 2035 1379 2108 lit-

245 2179 345 2242 terae
369 2192 552 2259 sonorae,
588 2178 629 2238 ut
646 2169 715 2238 rite
730 2168 963 2263 pronuntiari
981 2168 1102 2263 possit.
1128 2168 1214 2239 Hoc
1237 2179 1275 2239 et
1292 2168 1379 2243 inde

246 2313 365 2397 patet,
393 2304 491 2396 quod
522 2301 604 2371 Indi
630 2302 668 2370 in
695 2300 766 2396 fine
791 2323 982 2391 versuum,
1009 2302 1074 2370 ubi
1094 2302 1301 2373 coniunctio
1320 2304 1378 2374 lit-

247 2446 409 2506 terarum
434 2443 573 2523 cessat,
611 2432 770 2502 mediam
799 2453 943 2527 semper
974 2432 1013 2503 in
1037 2441 1183 2504 tenuem
1209 2456 1380 2507 commu·

249 2576 338 2638 tant.

349 2699 580 2793 Excipiendu
617 2712 739 2773 tamen
767 2711 822 2772 est
854 2701 1045 2776 conversio
1085 2699 1233 2795 spiritus
1262 2697 1380 2771 finalis

249 2787 435 2945 (famil)
450 2831 489 2899 in
514 2831 720 2901 sibilantem
744 2833 803 2903 rel
821 2832 939 2925 repleo
954 2832 1263 2926 superscriptume
1291 2831 1381 2903 haec

249 2962 346 3034 enim
380 2963 672 3035 coniunctionem
702 2962 968 3037 vocabulorum
1004 2962 1183 3056 postulat,
1219 2964 1379 3058 etiamsi,

248 3094 295 3164 ad
318 3105 483 3167 nostrum
508 3097 656 3188 quidem
681 3119 825 3167 sensum
837 3146 850 3188 ,
886 3095 1182 3190 pronuntiatione
1207 3121 1250 3168 ea
1272 3098 1382 3191 plane

248 3241 332 3300 sunt
355 3228 535 3305 distincta.

347 3362 504 3456 Spiritus
528 3360 645 3433 finalis
668 3363 781 3435 variis
799 3361 1096 3435 conversionibus
1112 3371 1168 3432 est
1185 3362 1379 3453 obnoxius,

251 3520 342 3592 quae
357 3497 430 3567 suis
445 3519 608 3590 quaeque
625 3495 759 3587 regulis
778 3493 1076 3564 determinantur.
1102 3493 1145 3562 Id
1161 3492 1278 3563 solum
1295 3494 1382 3564 scri-

252 3632 369 3703 bentis
406 3630 557 3701 arbitrio
594 3640 649 3698 est
679 3626 845 3697 relictum
859 3677 870 3717 ‚
906 3635 950 3695 ut
985 3634 1068 3694 ante
1100 3625 1286 3696 sibilantes
1321 3636 1384 3696 aut

253 3762 373 3831 locum
398 3785 502 3830 suum
526 3760 624 3829 tueri
647 3759 809 3852 spiritus,
836 3757 946 3829 autin
960 3778 1040 3824 eam
1054 3755 1284 3848 sibilantem,
1312 3781 1385 3850 qua

256 3893 453 3985 excipitur,
480 3892 632 3961 transire
657 3891 781 3982 possit.

353 4022 511 4094 Diversa
547 4032 602 4091 est
635 4023 696 4091 lex
726 4018 851 4114 puncti
876 4016 1112 4111 superscripti
1137 3985 1383 4141 (W)

259 4153 354 4250 quod
379 4177 446 4248 per
472 4154 639 4225 rtosolem
663 4152 876 4225 mutabilem
911 4151 1046 4246 optimc
1078 4148 1223 4219 deliniri
1254 4157 1383 4240 potest.

258 4287 303 4356 ld
327 4273 466 4357 mutare
491 4286 673 4357 nonlicet
699 4296 781 4357 ante
806 4285 947 4355 litteras
975 4284 1165 4378 quasdam:
1190 4278 1384 4352 semivoca-

259 4419 334 4511 les,
361 4420 541 4490 sibilantes
580 4431 617 4490 et
642 4418 920 4513 adspirationem
935 4443 945 4509 3
971 4428 1054 4486 ante
1086 4384 1233 4489 iocelcs
1255 4434 1385 4481 neces·
1494 4514 1499 4524 ι

259 4554 355 4628 surio
387 4555 424 4629 in
457 4555 619 4629 ultimam
653 4554 820 4629 labialem
854 4553 1101 4641 corruertitur3
1135 4557 1218 4618 ante
1249 4566 1384 4616 conso-
