3398 5264
704 513 950 584 Paarrarro.
1329 533 1415 585 xxv

207 686 209 691 ’
279 705 437 784 exstant,
472 706 640 765 accurate
676 696 886 787 inspexerit.
963 693 1057 765 Mihi
1094 719 1141 766 ex
1172 714 1269 788 uno,
1304 721 1416 793 supra

278 840 505 916 memorato,
541 838 684 921 partem
719 828 878 921 aliquam
906 828 1082 934 duntaxat
1107 830 1314 901 describere
1338 832 1416 901 Pa·

280 965 371 1033 risiis
412 962 573 1032 vacavit:
606 964 703 1032 unde
747 975 869 1032 tamen
909 962 1008 1032 lraud
1050 963 1275 1034 mediocrem
1309 963 1416 1034 fruc·

279 1108 356 1166 tum
382 1097 541 1189 percepi.
593 1096 721 1166 Insunt
746 1110 939 1190 praeterea
959 1097 1111 1166 carmini
1128 1108 1254 1168 nostro
1276 1098 1415 1193 mytho-

278 1232 394 1326 logice
419 1230 556 1320 multa,
593 1256 685 1326 quae
720 1233 948 1325 expositione
981 1232 1156 1325 indigent.
1210 1232 1415 1326 Disputaa·

279 1367 364 1435 dum
388 1367 459 1434 crit
484 1366 640 1460 denique
664 1366 711 1436 de
735 1367 865 1460 politae
891 1378 1024 1458 aetate,
1047 1390 1156 1460 quem
1182 1367 1348 1438 nonnulli
1366 1368 1416 1439 ad

277 1501 484 1571 recentiora
507 1499 630 1570 secula
653 1499 874 1592 detrudunt,
901 1500 1005 1590 mihi,
1030 1513 1073 1571 ut
1091 1500 1160 1571 hoc
1180 1501 1413 1595 praecipiam,

278 1634 540 1706 vetustissimus
573 1633 728 1706 videtur.
787 1634 874 1704 Sine
904 1635 1018 1704 dubio
1045 1633 1151 1705 valde
1175 1635 1322 1729 antiqua
1347 1634 1418 1706 suit

279 1768 374 1859 apud
399 1766 506 1835 Indos
532 1766 781 1858 philosophiae
807 1769 922 1859 origo.
980 1765 1162 1837 Narratur
1186 1767 1226 1835 in
1252 1768 1408 1838 Ramei⁴

279 1898 343 1984 de,
373 1898 411 1967 ia
446 1897 668 1968 sanctissimo
699 1896 764 1968 illo
803 1896 1002 1986 sacrificio,
1041 1899 1125 1991 equi
1150 1899 1414 1991 immolatione,

282 2032 378 2126 quod
405 2053 473 2100 rex
495 2030 717 2102 Dasarathas
737 2030 951 2122 celebravit,
972 2043 1013 2100 ut
1038 2030 1130 2101 filios
1156 2031 1226 2102 sibi
1251 2055 1274 2099 a
1292 2032 1416 2103 Deum

280 2165 432 2235 concilio
458 2177 659 2258 expeteret,
685 2166 933 2235 Brachmanae
954 2175 1036 2258 post
1055 2163 1262 2238 convivium
1287 2165 1331 2233 dc
1361 2187 1416 2234 ra·

280 2298 438 2369 tionibus
464 2298 722 2391 philosophicis
747 2299 844 2367 inter
877 2321 914 2366 sc
948 2306 1173 2366 concertasse
1222 2292 1360 2392 (ΒΑΜ.
1386 2295 1417 2366 Ι.
1480 2284 1500 2358 .'

282 2459 312 2502 c.
344 2453 401 2520 ra,
416 2431 466 2501 Sl.
483 2429 654 2528 23-25).
681 2430 835 2523 Quodsi
860 2431 994 2518 omnia,
1024 2454 1116 2525 quae
1129 2429 1175 2498 ad
1194 2428 1332 2501 cultum
1351 2430 1417 2500 lni-

284 2565 465 2634 rnanitatis
498 2575 683 2657 spectant,
725 2563 832 2657 longe
867 2564 1072 2659 antiquiora
1105 2562 1201 2658 apud
1233 2561 1344 2635 Indos
1381 2575 1418 2638 et

284 2695 490 2792 Aegyptios,
518 2721 625 2790 quam
656 2699 751 2792 apud
776 2698 952 2789 Graecos,
980 2697 1091 2768 luisse
1117 2674 1277 2775 constatz
1311 2698 1415 2795 quid-

283 2835 321 2901 ni
347 2831 417 2900 illis
443 2830 686 2923 Pythagoram
719 2857 826 2902 suum
856 2833 916 2906 vel
950 2833 1144 2903 Platonem
1176 2832 1417 2903 concedamus

283 2964 405 3033 multis
431 2963 561 3031 seculis
586 2974 683 3053 ante,
714 2989 821 3059 quam
840 2965 893 3054 hi,
915 2989 1005 3058 quos
1031 2966 1231 3055 nominavi,
1257 2966 1418 3058 philoso-

282 3096 359 3189 phi,
388 3095 517 3186 et'ipsi
543 3096 773 3166 sacerdotum
793 3095 1054 3190 Aegyptiorum
1081 3096 1271 3188 disciplina
1296 3096 1416 3166 imbu-

284 3230 324 3317 ti,
340 3230 375 3297 in
404 3227 562 3297 Graecia
587 3226 794 3299 llorerentl
845 3228 917 3298 Sed
944 3232 1034 3300 hacc
1060 3229 1205 3300 obiter:
1231 3251 1290 3298 res
1317 3230 1418 3298 enim

283 3360 522 3433 strictioribus
559 3365 799 3455 argumentis,
835 3375 913 3433 tum
952 3389 971 3434 e
1010 3364 1179 3431 carminis
1210 3364 1321 3456 ipsius
1355 3364 1417 3432 in-

284 3492 366 3561 dole
392 3509 429 3566 et
452 3497 549 3584 stilo,
578 3507 656 3564 tum
682 3519 729 3565 cx
747 3496 918 3567 universa
943 3495 1160 3589 religionum
1187 3521 1229 3564 ac
1254 3496 1431 3588 philoso··

284 3629 390 3722 phiae
415 3654 481 3723 per
505 3631 645 3699 indiam
672 3631 826 3701 historia
850 3631 985 3724 petitis,
1014 3630 1086 3699 erit
1110 3627 1343 3699 conficienda.

359 3763 545 3832 Eiusmodi
578 3764 688 3857 igitur
728 3763 1051 3851 commentarium,
1095 3787 1166 3856 quo
1199 3761 1418 3855 Bhagavad·

287 3872 374 3964 Gita
402 3898 654 3990 mythologice,
682 3898 873 3987 historice,
901 3895 1152 3991 philosophice
1186 3894 1416 3984 illustretur,

287 4032 395 4100 edere
429 4034 595 4121 decrevi,
623 4034 891 4125 quamprimum
925 4031 1003 4100 eius
1029 4028 1283 4099 conscribendi
1308 4025 1418 4096 sacul-

285 4174 338 4231 tas
372 4164 461 4232 mihi
498 4188 666 4234 concessa
701 4165 836 4257 suerit3
872 4176 910 4234 et
944 4175 1031 4232 tunc
1062 4163 1210 4232 demum
1243 4161 1341 4231 omni
1373 4182 1419 4227 ex

284 4306 390 4386 parte
416 4296 626 4406 interpretis
652 4321 803 4367 munere
830 4321 888 4368 mc
920 4294 1132 4364 defunctum
1167 4317 1245 4363 esse
1275 4291 1418 4385 putabo.

358 4426 462 4497 llaec
489 4426 568 4498 iere
588 4440 691 4499 erant
701 4432 908 4525 praecipua,
935 4452 1025 4522 quaa
1048 4424 1318 4520 praemonenda
1338 4441 1442 4492 cen-¹

285 4582 413 4631 serem.
470 4562 594 4636 Unum
627 4575 801 4658 superest.
861 4563 1122 4653 Magistrorum
1160 4557 1365 4631 reverentia
1398 4578 1421 4623 a
