3398 5264
651 591 899 663 Punnrnrro.
1335 613 1396 665 ux

257 782 389 850 iterum
416 777 563 849 eosdem
589 776 723 865 evolvi,
746 788 784 848 et
801 778 997 870 diligenter
1022 800 1105 848 cum
1130 779 1291 850 editione
1311 780 1395 852 cal·

256 912 408 982 cuttensi
433 910 581 980 contuli.
634 911 756 979 Scatet
779 910 870 980 haec
896 911 1059 1002 mendis,
1086 937 1242 1006 quorum
1267 913 1395 1008 plera-

256 1070 324 1140 que
354 1045 502 1140 quidem
534 1053 619 1114 sunt
652 1043 850 1135 eiusmodi,
890 1057 931 1114 ut
964 1046 1027 1140 qni
1064 1045 1126 1118 vel
1158 1018 1423 1119 mediocriter

253 1181 524 1274 grammaticam
561 1180 782 1250 Sanscritam
820 1180 977 1271 calleat,
1029 1177 1130 1250 facili
1170 1182 1316 1275 negotio
1349 1205 1394 1253 ea

253 1315 467 1386 correxerit.
493 1314 576 1388 Alia
591 1325 714 1386 tamen
732 1315 791 1389 vel
817 1316 975 1386 doctiori
999 1317 1188 1407 neptium
1215 1313 1394 1386 facessere

252 1449 402 1543 possint.
452 1448 587 1520 Tutius
624 1450 774 1520 omuino
810 1439 927 1522 tisiam
959 1458 1016 1518 est
1051 1448 1219 1518 codicum
1250 1447 1323 1518 fide
1357 1458 1395 1519 et

252 1584 467 1655 auctoritate
498 1584 618 1679 potius
649 1608 758 1679 quam
791 1584 1030 1672 coniecturis,
1059 1583 1292 1678 quantumvis
1328 1604 1395 1652 eae

251 1720 290 1788 iu
316 1731 488 1813 promptu
509 1729 642 1810 essent,
665 1742 792 1793 reram
810 1719 1007 1789 lectionem
1026 1719 1244 1789 instaurare.
1282 1714 1395 1787 Prae·

251 1864 355 1922 terea
380 1853 562 1924 desiderio
588 1853 784 1945 ssagrabam
813 1873 881 1945 per
911 1851 1109 1944 meipsum
1136 1848 1392 1944 cognoscendi,

251 2011 338 2058 num
363 1989 460 2060 idem
485 1985 820 2082 Bhagavad-Gitae
856 1986 1065 2075 accidisset,
1095 1987 1193 2082 quod
1218 1985 1299 2055 aliis
1324 2007 1393 2058 ve-

250 2122 354 2192 tustis
379 2124 558 2194 Indorum
583 2123 713 2215 libris,
744 2120 961 2216 praesertim
988 2116 1215 2214 Hitdpaddso
1248 2131 1286 2189 et
1316 2141 1393 2188 car·

252 2255 407 2326 minibus
444 2258 556 2351 epicis
589 2257 762 2327 accidisse
794 2256 976 2324 sciebam:
1017 2277 1152 2345 nempe
1186 2264 1228 2320 ut
1260 2251 1299 2320 in
1330 2251 1392 2322 di·
1472 2243 1473 2246 ¹

251 2389 365 2460 versis
385 2389 569 2459 codicibus
591 2387 728 2457 MSctis
754 2407 881 2457 versus
905 2385 1051 2476 integri,
1077 2383 1263 2453 interdum
1281 2385 1392 2455 etiam
1427 2432 1430 2442 ·

251 2520 411 2613 plurium
429 2542 601 2590 versuum
621 2517 832 2612 complexus
857 2517 916 2590 vel
941 2516 1049 2589 valde
1074 2517 1257 2586 immutati
1272 2515 1391 2609 legan-

251 2663 326 2739 tur,
354 2649 414 2723 vel
438 2650 669 2742 transpositi,
707 2649 780 2718 alia
815 2650 887 2718 sint
913 2648 1064 2738 omissa,
1111 2647 1184 2716 alia
1209 2646 1331 2716 addita
1356 2661 1394 2719 et

250 2781 481 2876 interpolata.
531 2779 625 2852 Mox
656 2805 740 2852 cnm
772 2782 905 2874 gaudio
930 2782 1028 2851 haud
1054 2779 1231 2850 mediocri
1260 2781 1390 2874 depre-

249 2915 382 3003 hendi,
417 2915 456 2983 in
488 2913 651 2982 carmine
681 2912 753 2982 hoc
785 2925 913 2982 nostro
946 2914 1084 2983 nullum
1118 2937 1197 2983 esse
1223 2913 1392 2983 codicum

249 3046 552 3137 discrepantiam,
587 3066 635 3112 ne
667 3044 706 3111 in
730 3042 890 3112 minimis
924 3043 1092 3135 quidem,
1127 3053 1166 3113 et
1191 3068 1286 3139 quae
1312 3045 1391 3114 sine

248 3177 463 3267 sententiae,
489 3176 692 3249 verborum
716 3185 935 3263 structurae,
964 3178 1145 3270 matrique
1175 3175 1311 3247 damno
1332 3200 1392 3249 ru-

248 3313 335 3382 riari
359 3311 573 3403 potuissent.
625 3310 710 3400 Quo
736 3308 892 3378 mirifico
911 3309 1078 3380 codicum
1099 3333 1293 3399 consensu,
1314 3320 1391 3414 tum

247 3444 517 3512 Parisiacorum
539 3441 637 3510 inter
657 3463 710 3528 se,
730 3452 810 3510 tum
827 3465 910 3510 cum
925 3440 1143 3533 exemplari,
1158 3441 1255 3511 unde
1280 3440 1392 3508 editio

248 3573 487 3644 Culcuttensis
500 3591 674 3665 expressa
688 3581 757 3658 est,
776 3583 854 3641 tum
873 3571 1030 3666 denique
1052 3596 1136 3641 cum
1153 3595 1212 3662 eo,
1231 3572 1330 3665 quod
1343 3570 1390 3640 V.

247 3707 305 3777 cl.
324 3705 482 3776 Carolus
503 3704 668 3774 Wilkins
685 3701 923 3793 Varenasiae,
942 3703 1030 3772 dum
1048 3703 1391 3796 interpretationem

248 3863 351 3909 suam
372 3837 626 3929 concinnabat,
653 3848 735 3906 ante
757 3835 881 3905 oculos
900 3836 1052 3926 habuit3
1081 3857 1262 3905 consensu
1285 3835 1391 3905 codi-

245 3997 343 4062 cum,
355 3974 516 4066 inqunm,
534 3970 687 4064 quisine
710 3968 822 4039 dubio
839 3968 877 4037 in
890 3966 1146 4037 diversissimis
1163 3966 1291 4036 Indiae
1310 3989 1392 4061 par·

245 4109 344 4180 tibus
369 4107 497 4201 scripti
518 4103 648 4183 suere:
674 4114 775 4174 corto
803 4104 937 4173 certius
958 4103 1231 4197 comprobatur,
1250 4111 1391 4170 textum

245 4238 579 4336 Bhagavad-Gitae
591 4241 636 4311 ad
647 4250 808 4311 nostram
823 4262 936 4334 usquc
953 4247 1108 4308 aetatem
1121 4234 1392 4330 religiosissime

244 4401 322 4448 esse
347 4386 545 4463 servatum,
572 4385 611 4446 et
635 4397 782 4444 carmen
803 4372 1070 4443 nobilissimum
1095 4371 1203 4465 plane
1228 4370 1300 4439 tale
1323 4392 1390 4439 nos

244 4511 404 4599 habere,
443 4510 549 4604 quale
582 4509 710 4582 divino
745 4509 837 4579 vatis
871 4505 983 4600 prisci
1018 4526 1083 4574 ore
1110 4503 1196 4573 olim
1227 4502 1384 4573 effusum

246 4645 282 4713 id
310 4644 440 4713 dierat.
491 4642 577 4714 Hoc
611 4644 709 4717 idem
737 4664 783 4711 cx
817 4642 897 4735 ipso
924 4640 1095 4710 carminis
1122 4648 1252 4709 tenore
1277 4637 1390 4729 magis
