<?xml version="1.0" encoding="UTF-8"?>
<!DOCTYPE html PUBLIC "-//W3C//DTD XHTML 1.0 Transitional//EN"
    "http://www.w3.org/TR/xhtml1/DTD/xhtml1-transitional.dtd">
<html xmlns="http://www.w3.org/1999/xhtml" xml:lang="en" lang="en">
 <head>
  <title>
</title>
<meta http-equiv="Content-Type" content="text/html;charset=utf-8" />
  <meta name='ocr-system' content='tesseract 3.04.00' />
  <meta name='ocr-capabilities' content='ocr_page ocr_carea ocr_par ocr_line ocrx_word'/>
</head>
<body>
  <div class='ocr_page' id='page_1' title='image "bhagavadgitaide00schlgoog_0020.png"; bbox 0 0 3398 5264; ppageno 0'>
   <div class='ocr_carea' id='block_1_1' title="bbox 367 617 1053 692">
    <p class='ocr_par' dir='ltr' id='par_1_1' title="bbox 367 617 1053 692">
     <span class='ocr_line' id='line_1_1' title="bbox 367 617 1053 692; baseline -0.01 0"><span class='ocrx_word' id='word_1_1' title='bbox 367 640 397 692; x_wconf 84' lang='lat' dir='ltr'>x</span> <span class='ocrx_word' id='word_1_2' title='bbox 806 617 1053 687; x_wconf 76' lang='lat' dir='ltr'><strong>Piraeearm.</strong></span> 
     </span>
    </p>
   </div>
   <div class='ocr_carea' id='block_1_2' title="bbox 366 797 1501 1167">
    <p class='ocr_par' dir='ltr' id='par_1_2' title="bbox 366 797 1501 1167">
     <span class='ocr_line' id='line_1_2' title="bbox 366 797 1501 895; baseline -0.004 -21"><span class='ocrx_word' id='word_1_3' title='bbox 366 800 478 874; x_wconf 84' lang='lat' dir='ltr'><strong>etiam</strong></span> <span class='ocrx_word' id='word_1_4' title='bbox 509 808 673 895; x_wconf 85' lang='lat' dir='ltr'><strong>apparat.</strong></span> <span class='ocrx_word' id='word_1_5' title='bbox 724 797 1048 891; x_wconf 76' lang='lat' dir='ltr'><strong>circumscriptum</strong></span> <span class='ocrx_word' id='word_1_6' title='bbox 1082 797 1121 868; x_wconf 88' lang='lat' dir='ltr'><strong>id</strong></span> <span class='ocrx_word' id='word_1_7' title='bbox 1144 810 1218 889; x_wconf 87' lang='lat' dir='ltr'><strong>est,</strong></span> <span class='ocrx_word' id='word_1_8' title='bbox 1255 798 1353 892; x_wconf 92' lang='lat' dir='ltr'><strong>quod</strong></span> <span class='ocrx_word' id='word_1_9' title='bbox 1379 798 1501 869; x_wconf 81' lang='lat' dir='ltr'><strong>nenii-</strong></span> 
     </span>
     <span class='ocr_line' id='line_1_3' title="bbox 366 931 1500 1024; baseline -0.004 -15"><span class='ocrx_word' id='word_1_10' title='bbox 366 960 451 1009; x_wconf 87' lang='lat' dir='ltr'><strong>aem</strong></span> <span class='ocrx_word' id='word_1_11' title='bbox 471 935 588 1006; x_wconf 86' lang='lat' dir='ltr'><strong>adiuro</strong></span> <span class='ocrx_word' id='word_1_12' title='bbox 607 933 903 1009; x_wconf 70' lang='lat' dir='ltr'><strong>animadvertisse</strong></span> <span class='ocrx_word' id='word_1_13' title='bbox 920 934 1059 1024; x_wconf 90' lang='lat' dir='ltr'><strong>miror,</strong></span> <span class='ocrx_word' id='word_1_14' title='bbox 1091 955 1243 1004; x_wconf 79' lang='lat' dir='ltr'><strong>arimero</strong></span> <span class='ocrx_word' id='word_1_15' title='bbox 1262 931 1500 1005; x_wconf 70' lang='lat' dir='ltr'>distichorum</span> 
     </span>
     <span class='ocr_line' id='line_1_4' title="bbox 367 1066 1498 1167; baseline -0.002 -26"><span class='ocrx_word' id='word_1_16' title='bbox 367 1069 532 1167; x_wconf 81' lang='lat' dir='ltr'><strong>perlecto</strong></span> <span class='ocrx_word' id='word_1_17' title='bbox 557 1081 595 1138; x_wconf 85' lang='lat' dir='ltr'><strong>at</strong></span> <span class='ocrx_word' id='word_1_18' title='bbox 619 1067 741 1163; x_wconf 87' lang='lat' dir='ltr'><strong>plena,</strong></span> <span class='ocrx_word' id='word_1_19' title='bbox 778 1067 1063 1161; x_wconf 80' lang='lat' dir='ltr'><strong>reptingenerio:</strong></span> <span class='ocrx_word' id='word_1_20' title='bbox 1098 1066 1197 1137; x_wconf 88' lang='lat' dir='ltr'><strong>baud</strong></span> <span class='ocrx_word' id='word_1_21' title='bbox 1222 1090 1306 1138; x_wconf 81' lang='lat' dir='ltr'><strong>rane</strong></span> <span class='ocrx_word' id='word_1_22' title='bbox 1331 1066 1498 1157; x_wconf 80' lang='lat' dir='ltr'><strong>fortuito,</strong></span> 
     </span>
    </p>
   </div>
   <div class='ocr_carea' id='block_1_3' title="bbox 244 1200 1501 1298">
    <p class='ocr_par' dir='ltr' id='par_1_3' title="bbox 244 1200 1501 1298">
     <span class='ocr_line' id='line_1_5' title="bbox 244 1200 1501 1298; baseline -0.005 -22"><span class='ocrx_word' id='word_1_23' title='bbox 244 1231 252 1248; x_wconf 89' lang='lat'><strong>·</strong></span> <span class='ocrx_word' id='word_1_24' title='bbox 368 1205 449 1292; x_wconf 86' lang='lat' dir='ltr'><strong>aed,</strong></span> <span class='ocrx_word' id='word_1_25' title='bbox 475 1205 506 1273; x_wconf 85' lang='lat' dir='ltr'><strong>ai</strong></span> <span class='ocrx_word' id='word_1_26' title='bbox 531 1202 618 1298; x_wconf 88' lang='lat' dir='ltr'><strong>quid</strong></span> <span class='ocrx_word' id='word_1_27' title='bbox 643 1226 709 1295; x_wconf 85' lang='lat' dir='ltr'><strong>ega</strong></span> <span class='ocrx_word' id='word_1_28' title='bbox 735 1201 860 1289; x_wconf 78' lang='lat' dir='ltr'><strong>video,</strong></span> <span class='ocrx_word' id='word_1_29' title='bbox 886 1212 989 1272; x_wconf 85' lang='lat' dir='ltr'><strong>certo</strong></span> <span class='ocrx_word' id='word_1_30' title='bbox 1007 1211 1135 1295; x_wconf 87' lang='lat' dir='ltr'><strong>poetae</strong></span> <span class='ocrx_word' id='word_1_31' title='bbox 1150 1200 1316 1291; x_wconf 80' lang='lat' dir='ltr'><strong>coneilio,</strong></span> <span class='ocrx_word' id='word_1_32' title='bbox 1335 1225 1381 1273; x_wconf 86' lang='lat' dir='ltr'><strong>ne</strong></span> <span class='ocrx_word' id='word_1_33' title='bbox 1399 1201 1501 1296; x_wconf 90' lang='lat' dir='ltr'><strong>quid-</strong></span> 
     </span>
    </p>
   </div>
   <div class='ocr_carea' id='block_1_4' title="bbox 367 1333 1504 2225">
    <p class='ocr_par' dir='ltr' id='par_1_4' title="bbox 367 1333 1504 2225">
     <span class='ocr_line' id='line_1_6' title="bbox 368 1333 1500 1431; baseline -0.004 -26"><span class='ocrx_word' id='word_1_34' title='bbox 368 1360 476 1431; x_wconf 90' lang='lat' dir='ltr'><strong>quam</strong></span> <span class='ocrx_word' id='word_1_35' title='bbox 510 1347 573 1405; x_wconf 86' lang='lat' dir='ltr'><strong>aut</strong></span> <span class='ocrx_word' id='word_1_36' title='bbox 603 1336 736 1404; x_wconf 80' lang='lat' dir='ltr'><strong>addere</strong></span> <span class='ocrx_word' id='word_1_37' title='bbox 770 1345 932 1424; x_wconf 83' lang='lat' dir='ltr'><strong>temere,</strong></span> <span class='ocrx_word' id='word_1_38' title='bbox 974 1346 1036 1404; x_wconf 87' lang='lat' dir='ltr'><strong>eat</strong></span> <span class='ocrx_word' id='word_1_39' title='bbox 1067 1333 1214 1404; x_wconf 90' lang='lat' dir='ltr'><strong>demere</strong></span> <span class='ocrx_word' id='word_1_40' title='bbox 1248 1334 1331 1403; x_wconf 89' lang='lat' dir='ltr'><strong>inde</strong></span> <span class='ocrx_word' id='word_1_41' title='bbox 1361 1333 1500 1403; x_wconf 88' lang='lat' dir='ltr'><strong>liceret.</strong></span> 
     </span>
     <span class='ocr_line' id='line_1_7' title="bbox 367 1465 1501 1561; baseline -0.004 -24"><span class='ocrx_word' id='word_1_42' title='bbox 367 1467 478 1537; x_wconf 87' lang='lat' dir='ltr'><strong>llatio</strong></span> <span class='ocrx_word' id='word_1_43' title='bbox 503 1467 751 1561; x_wconf 80' lang='lat' dir='ltr'><strong>philosophica</strong></span> <span class='ocrx_word' id='word_1_44' title='bbox 768 1467 952 1538; x_wconf 89' lang='lat' dir='ltr'><strong>interdum</strong></span> <span class='ocrx_word' id='word_1_45' title='bbox 971 1476 1026 1536; x_wconf 82' lang='lat' dir='ltr'><strong>eat</strong></span> <span class='ocrx_word' id='word_1_46' title='bbox 1043 1465 1164 1559; x_wconf 89' lang='lat' dir='ltr'><strong>paullo</strong></span> <span class='ocrx_word' id='word_1_47' title='bbox 1182 1466 1386 1556; x_wconf 81' lang='lat' dir='ltr'><strong>obscurior,</strong></span> <span class='ocrx_word' id='word_1_48' title='bbox 1403 1465 1501 1558; x_wconf 91' lang='lat' dir='ltr'><strong>quod</strong></span> 
     </span>
     <span class='ocr_line' id='line_1_8' title="bbox 368 1596 1502 1694; baseline -0.006 -24"><span class='ocrx_word' id='word_1_49' title='bbox 368 1624 436 1671; x_wconf 81' lang='lat' dir='ltr'><strong>nec</strong></span> <span class='ocrx_word' id='word_1_50' title='bbox 468 1599 548 1670; x_wconf 80' lang='lat' dir='ltr'><strong>sieri</strong></span> <span class='ocrx_word' id='word_1_51' title='bbox 581 1599 688 1671; x_wconf 86' lang='lat' dir='ltr'><strong>aliter</strong></span> <span class='ocrx_word' id='word_1_52' title='bbox 720 1611 864 1694; x_wconf 90' lang='lat' dir='ltr'><strong>poterat</strong></span> <span class='ocrx_word' id='word_1_53' title='bbox 894 1600 932 1672; x_wconf 93' lang='lat' dir='ltr'><strong>in</strong></span> <span class='ocrx_word' id='word_1_54' title='bbox 968 1600 1077 1670; x_wconf 86' lang='lat' dir='ltr'><strong>rebua</strong></span> <span class='ocrx_word' id='word_1_55' title='bbox 1110 1610 1182 1670; x_wconf 92' lang='lat' dir='ltr'><strong>tam</strong></span> <span class='ocrx_word' id='word_1_56' title='bbox 1208 1596 1314 1690; x_wconf 83' lang='lat' dir='ltr'><strong>longe</strong></span> <span class='ocrx_word' id='word_1_57' title='bbox 1347 1619 1502 1668; x_wconf 86' lang='lat' dir='ltr'><strong>aaensu</strong></span> 
     </span>
     <span class='ocr_line' id='line_1_9' title="bbox 367 1732 1504 1826; baseline -0.003 -23"><span class='ocrx_word' id='word_1_58' title='bbox 367 1733 557 1805; x_wconf 85' lang='lat' dir='ltr'><strong>bominum</strong></span> <span class='ocrx_word' id='word_1_59' title='bbox 583 1735 768 1805; x_wconf 86' lang='lat' dir='ltr'><strong>communi</strong></span> <span class='ocrx_word' id='word_1_60' title='bbox 794 1732 943 1805; x_wconf 86' lang='lat' dir='ltr'><strong>remotia</strong></span> <span class='ocrx_word' id='word_1_61' title='bbox 974 1732 1297 1826; x_wconf 82' lang='lat' dir='ltr'><strong>po&#39;e&#39;ticoaermoae</strong></span> <span class='ocrx_word' id='word_1_62' title='bbox 1323 1754 1504 1802; x_wconf 86' lang='lat' dir='ltr'><strong>exornau-</strong></span> 
     </span>
     <span class='ocr_line' id='line_1_10' title="bbox 369 1862 1503 1958; baseline -0.002 -24"><span class='ocrx_word' id='word_1_63' title='bbox 369 1865 436 1934; x_wconf 84' lang='lat' dir='ltr'><strong>dia.</strong></span> <span class='ocrx_word' id='word_1_64' title='bbox 487 1862 617 1934; x_wconf 78' lang='lat' dir='ltr'><strong>Nexac</strong></span> <span class='ocrx_word' id='word_1_65' title='bbox 641 1866 856 1958; x_wconf 82' lang='lat' dir='ltr'><strong>praesertim</strong></span> <span class='ocrx_word' id='word_1_66' title='bbox 882 1867 1159 1955; x_wconf 74' lang='lat' dir='ltr'><strong>sententiarum,</strong></span> <span class='ocrx_word' id='word_1_67' title='bbox 1174 1866 1259 1936; x_wconf 91' lang='lat' dir='ltr'><strong>dum</strong></span> <span class='ocrx_word' id='word_1_68' title='bbox 1285 1864 1503 1958; x_wconf 79' lang='lat' dir='ltr'><strong>po&#39;dta,bre·</strong></span> 
     </span>
     <span class='ocr_line' id='line_1_11' title="bbox 369 1995 1503 2090; baseline -0.009 -20"><span class='ocrx_word' id='word_1_69' title='bbox 369 1997 473 2070; x_wconf 79' lang='lat' dir='ltr'><strong>vitati</strong></span> <span class='ocrx_word' id='word_1_70' title='bbox 498 1995 659 2086; x_wconf 77' lang='lat' dir='ltr'><strong>studens,</strong></span> <span class='ocrx_word' id='word_1_71' title='bbox 680 1996 792 2067; x_wconf 91' lang='lat' dir='ltr'><strong>multa</strong></span> <span class='ocrx_word' id='word_1_72' title='bbox 818 1996 973 2067; x_wconf 90' lang='lat' dir='ltr'><strong>tranailit</strong></span> <span class='ocrx_word' id='word_1_73' title='bbox 997 1997 1212 2090; x_wconf 77' lang='lat' dir='ltr'>cogitatione</span> <span class='ocrx_word' id='word_1_74' title='bbox 1237 1997 1387 2069; x_wconf 86' lang='lat' dir='ltr'><strong>lectoris</strong></span> <span class='ocrx_word' id='word_1_75' title='bbox 1412 2018 1503 2088; x_wconf 84' lang='lat' dir='ltr'><strong>aup-</strong></span> 
     </span>
     <span class='ocr_line' id='line_1_12' title="bbox 369 2129 1502 2225; baseline -0.001 -28"><span class='ocrx_word' id='word_1_76' title='bbox 369 2130 516 2223; x_wconf 89' lang='lat' dir='ltr'><strong>plenda,</strong></span> <span class='ocrx_word' id='word_1_77' title='bbox 543 2152 616 2200; x_wconf 90' lang='lat' dir='ltr'><strong>uon</strong></span> <span class='ocrx_word' id='word_1_78' title='bbox 642 2130 759 2202; x_wconf 84' lang='lat' dir='ltr'><strong>ubivia</strong></span> <span class='ocrx_word' id='word_1_79' title='bbox 793 2133 913 2224; x_wconf 89' lang='lat' dir='ltr'><strong>prima</strong></span> <span class='ocrx_word' id='word_1_80' title='bbox 945 2131 1116 2225; x_wconf 75' lang='lat' dir='ltr'><strong>adspectu</strong></span> <span class='ocrx_word' id='word_1_81' title='bbox 1147 2131 1254 2202; x_wconf 76' lang='lat' dir='ltr'><strong>facile</strong></span> <span class='ocrx_word' id='word_1_82' title='bbox 1280 2129 1502 2222; x_wconf 78' lang='lat' dir='ltr'><strong>intelligitur.</strong></span> 
     </span>
    </p>
   </div>
   <div class='ocr_carea' id='block_1_5' title="bbox 369 2241 1502 2358">
    <p class='ocr_par' dir='ltr' id='par_1_5' title="bbox 369 2241 1502 2358">
     <span class='ocr_line' id='line_1_13' title="bbox 369 2241 1502 2358; baseline 0.002 -26"><span class='ocrx_word' id='word_1_83' title='bbox 369 2261 471 2332; x_wconf 85' lang='lat' dir='ltr'><strong>Nihil</strong></span> <span class='ocrx_word' id='word_1_84' title='bbox 489 2272 610 2332; x_wconf 89' lang='lat' dir='ltr'><strong>tamen</strong></span> <span class='ocrx_word' id='word_1_85' title='bbox 633 2263 772 2356; x_wconf 77' lang='lat' dir='ltr'><strong>uspiam</strong></span> <span class='ocrx_word' id='word_1_86' title='bbox 791 2265 829 2332; x_wconf 89' lang='lat' dir='ltr'><strong>in</strong></span> <span class='ocrx_word' id='word_1_87' title='bbox 859 2275 936 2335; x_wconf 92' lang='lat' dir='ltr'><strong>toto</strong></span> <span class='ocrx_word' id='word_1_88' title='bbox 957 2265 1115 2337; x_wconf 78' lang='lat' dir='ltr'><strong>carmine</strong></span> <span class='ocrx_word' id='word_1_89' title='bbox 1138 2265 1375 2358; x_wconf 76' lang='lat' dir='ltr'><strong>deprehendi,</strong></span> <span class='ocrx_word' id='word_1_90' title='bbox 1404 2241 1502 2357; x_wconf 78' lang='lat' dir='ltr'><strong>quoii</strong></span> 
     </span>
    </p>
   </div>
   <div class='ocr_carea' id='block_1_6' title="bbox 285 2395 1512 4751">
    <p class='ocr_par' dir='ltr' id='par_1_6' title="bbox 369 2395 1140 2492">
     <span class='ocr_line' id='line_1_14' title="bbox 369 2395 1140 2492; baseline 0.003 -26"><span class='ocrx_word' id='word_1_91' title='bbox 369 2395 530 2466; x_wconf 81' lang='lat' dir='ltr'><strong>lacemm</strong></span> <span class='ocrx_word' id='word_1_92' title='bbox 556 2397 615 2486; x_wconf 84' lang='lat' dir='ltr'><strong>ait,</strong></span> <span class='ocrx_word' id='word_1_93' title='bbox 642 2396 810 2467; x_wconf 86' lang='lat' dir='ltr'><strong>mutilum</strong></span> <span class='ocrx_word' id='word_1_94' title='bbox 836 2397 894 2468; x_wconf 84' lang='lat' dir='ltr'><strong>rel</strong></span> <span class='ocrx_word' id='word_1_95' title='bbox 920 2411 1140 2492; x_wconf 89' lang='lat' dir='ltr'><strong>corruptum.</strong></span> 
     </span>
    </p>

    <p class='ocr_par' dir='ltr' id='par_1_7' title="bbox 285 2527 1512 4751">
     <span class='ocr_line' id='line_1_15' title="bbox 468 2527 1503 2626; baseline 0.004 -31"><span class='ocrx_word' id='word_1_96' title='bbox 468 2527 572 2619; x_wconf 88' lang='lat' dir='ltr'><strong>Quae</strong></span> <span class='ocrx_word' id='word_1_97' title='bbox 598 2552 709 2623; x_wconf 90' lang='lat' dir='ltr'><strong>quum</strong></span> <span class='ocrx_word' id='word_1_98' title='bbox 736 2530 786 2598; x_wconf 91' lang='lat' dir='ltr'><strong>ita</strong></span> <span class='ocrx_word' id='word_1_99' title='bbox 810 2554 850 2600; x_wconf 84' lang='lat' dir='ltr'><strong>ae</strong></span> <span class='ocrx_word' id='word_1_100' title='bbox 875 2531 1044 2621; x_wconf 87' lang='lat' dir='ltr'><strong>habeant,</strong></span> <span class='ocrx_word' id='word_1_101' title='bbox 1072 2542 1185 2624; x_wconf 86' lang='lat' dir='ltr'><strong>patet,</strong></span> <span class='ocrx_word' id='word_1_102' title='bbox 1213 2532 1413 2620; x_wconf 79' lang='lat' dir='ltr'><strong>editorem,</strong></span> <span class='ocrx_word' id='word_1_103' title='bbox 1441 2533 1503 2626; x_wconf 89' lang='lat' dir='ltr'><strong>qui</strong></span> 
     </span>
     <span class='ocr_line' id='line_1_16' title="bbox 370 2661 1505 2757; baseline 0.001 -23"><span class='ocrx_word' id='word_1_104' title='bbox 370 2665 408 2734; x_wconf 89' lang='lat' dir='ltr'><strong>in</strong></span> <span class='ocrx_word' id='word_1_105' title='bbox 435 2662 613 2732; x_wconf 79' lang='lat' dir='ltr'><strong>eiusmodi</strong></span> <span class='ocrx_word' id='word_1_106' title='bbox 638 2661 733 2735; x_wconf 91' lang='lat' dir='ltr'><strong>libro</strong></span> <span class='ocrx_word' id='word_1_107' title='bbox 756 2663 901 2757; x_wconf 78' lang='lat' dir='ltr'><strong>iugenio</strong></span> <span class='ocrx_word' id='word_1_108' title='bbox 926 2666 1025 2734; x_wconf 90' lang='lat' dir='ltr'><strong>abuti</strong></span> <span class='ocrx_word' id='word_1_109' title='bbox 1051 2664 1205 2737; x_wconf 83' lang='lat' dir='ltr'><strong>valuerit</strong></span> <span class='ocrx_word' id='word_1_110' title='bbox 1235 2664 1281 2733; x_wconf 93' lang='lat' dir='ltr'><strong>ad</strong></span> <span class='ocrx_word' id='word_1_111' title='bbox 1306 2664 1505 2735; x_wconf 80' lang='lat' dir='ltr'><strong>sollicitau-</strong></span> 
     </span>
     <span class='ocr_line' id='line_1_17' title="bbox 372 2793 1506 2888; baseline 0.002 -23"><span class='ocrx_word' id='word_1_112' title='bbox 372 2797 436 2865; x_wconf 85' lang='lat' dir='ltr'><strong>das</strong></span> <span class='ocrx_word' id='word_1_113' title='bbox 460 2793 633 2864; x_wconf 74' lang='lat' dir='ltr'><strong>lectiones</strong></span> <span class='ocrx_word' id='word_1_114' title='bbox 658 2793 812 2888; x_wconf 83' lang='lat' dir='ltr'><strong>probae,</strong></span> <span class='ocrx_word' id='word_1_115' title='bbox 838 2821 911 2867; x_wconf 86' lang='lat' dir='ltr'><strong>non</strong></span> <span class='ocrx_word' id='word_1_116' title='bbox 937 2796 1132 2867; x_wconf 87' lang='lat' dir='ltr'><strong>ardelionia</strong></span> <span class='ocrx_word' id='word_1_117' title='bbox 1158 2795 1267 2864; x_wconf 91' lang='lat' dir='ltr'><strong>modo</strong></span> <span class='ocrx_word' id='word_1_118' title='bbox 1292 2810 1413 2887; x_wconf 79' lang='lat' dir='ltr'><strong>partes</strong></span> <span class='ocrx_word' id='word_1_119' title='bbox 1437 2823 1506 2866; x_wconf 92' lang='lat' dir='ltr'><strong>ac-</strong></span> 
     </span>
     <span class='ocr_line' id='line_1_18' title="bbox 371 2923 1505 3022; baseline 0.001 -24"><span class='ocrx_word' id='word_1_120' title='bbox 371 2941 497 2998; x_wconf 92' lang='lat' dir='ltr'><strong>turum</strong></span> <span class='ocrx_word' id='word_1_121' title='bbox 521 2923 601 2996; x_wconf 84' lang='lat' dir='ltr'><strong>lora</strong></span> <span class='ocrx_word' id='word_1_122' title='bbox 615 2979 626 3017; x_wconf 93' lang='lat'><strong>,</strong></span> <span class='ocrx_word' id='word_1_123' title='bbox 653 2929 716 2999; x_wconf 83' lang='lat' dir='ltr'><strong>aed</strong></span> <span class='ocrx_word' id='word_1_124' title='bbox 741 2951 852 3020; x_wconf 78' lang='lat' dir='ltr'><strong>grave</strong></span> <span class='ocrx_word' id='word_1_125' title='bbox 877 2950 1023 3022; x_wconf 89' lang='lat' dir='ltr'><strong>quoque</strong></span> <span class='ocrx_word' id='word_1_126' title='bbox 1047 2927 1228 3020; x_wconf 77' lang='lat' dir='ltr'><strong>piaculum</strong></span> <span class='ocrx_word' id='word_1_127' title='bbox 1254 2941 1381 2999; x_wconf 85' lang='lat' dir='ltr'><strong>contra</strong></span> <span class='ocrx_word' id='word_1_128' title='bbox 1405 2931 1505 2999; x_wconf 88' lang='lat' dir='ltr'><strong>anti-</strong></span> 
     </span>
     <span class='ocr_line' id='line_1_19' title="bbox 372 3059 1505 3156; baseline 0 -26"><span class='ocrx_word' id='word_1_129' title='bbox 372 3059 518 3156; x_wconf 76' lang='lat' dir='ltr'><strong>quitatis</strong></span> <span class='ocrx_word' id='word_1_130' title='bbox 552 3060 806 3129; x_wconf 88' lang='lat' dir='ltr'><strong>auctoritatem</strong></span> <span class='ocrx_word' id='word_1_131' title='bbox 840 3059 1090 3129; x_wconf 79' lang='lat' dir='ltr'><strong>admissurum.</strong></span> <span class='ocrx_word' id='word_1_132' title='bbox 1147 3059 1321 3131; x_wconf 86' lang='lat' dir='ltr'><strong>llaatabat</strong></span> <span class='ocrx_word' id='word_1_133' title='bbox 1354 3061 1505 3155; x_wconf 84' lang='lat' dir='ltr'><strong>provin·</strong></span> 
     </span>
     <span class='ocr_line' id='line_1_20' title="bbox 372 3193 1506 3287; baseline 0.002 -24"><span class='ocrx_word' id='word_1_134' title='bbox 372 3193 443 3283; x_wconf 87' lang='lat' dir='ltr'><strong>cie,</strong></span> <span class='ocrx_word' id='word_1_135' title='bbox 470 3194 610 3265; x_wconf 89' lang='lat' dir='ltr'><strong>modica</strong></span> <span class='ocrx_word' id='word_1_136' title='bbox 635 3193 781 3287; x_wconf 89' lang='lat' dir='ltr'><strong>quidem</strong></span> <span class='ocrx_word' id='word_1_137' title='bbox 807 3216 850 3262; x_wconf 88' lang='lat' dir='ltr'><strong>ea</strong></span> <span class='ocrx_word' id='word_1_138' title='bbox 876 3206 914 3264; x_wconf 88' lang='lat' dir='ltr'><strong>ct</strong></span> <span class='ocrx_word' id='word_1_139' title='bbox 940 3206 1102 3286; x_wconf 58' lang='lat' dir='ltr'><strong>commta,</strong></span> <span class='ocrx_word' id='word_1_140' title='bbox 1125 3194 1184 3263; x_wconf 89' lang='lat' dir='ltr'><strong>cui</strong></span> <span class='ocrx_word' id='word_1_141' title='bbox 1208 3207 1328 3264; x_wconf 88' lang='lat' dir='ltr'><strong>tamen</strong></span> <span class='ocrx_word' id='word_1_142' title='bbox 1355 3197 1506 3265; x_wconf 87' lang='lat' dir='ltr'><strong>admini-</strong></span> 
     </span>
     <span class='ocr_line' id='line_1_21' title="bbox 371 3325 1505 3419; baseline -0.003 -22"><span class='ocrx_word' id='word_1_143' title='bbox 371 3327 543 3398; x_wconf 88' lang='lat' dir='ltr'><strong>atrendae</strong></span> <span class='ocrx_word' id='word_1_144' title='bbox 563 3325 727 3397; x_wconf 81' lang='lat' dir='ltr'><strong>cedulam</strong></span> <span class='ocrx_word' id='word_1_145' title='bbox 746 3325 832 3396; x_wconf 87' lang='lat' dir='ltr'><strong>dedi</strong></span> <span class='ocrx_word' id='word_1_146' title='bbox 849 3349 1014 3419; x_wconf 90' lang='lat' dir='ltr'><strong>operum,</strong></span> <span class='ocrx_word' id='word_1_147' title='bbox 1035 3336 1075 3394; x_wconf 92' lang='lat' dir='ltr'><strong>ut</strong></span> <span class='ocrx_word' id='word_1_148' title='bbox 1094 3326 1244 3396; x_wconf 77' lang='lat' dir='ltr'><strong>eruditis</strong></span> <span class='ocrx_word' id='word_1_149' title='bbox 1261 3326 1370 3396; x_wconf 83' lang='lat' dir='ltr'><strong>fidem</strong></span> <span class='ocrx_word' id='word_1_150' title='bbox 1389 3350 1505 3396; x_wconf 89' lang='lat' dir='ltr'><strong>meam</strong></span> 
     </span>
     <span class='ocr_line' id='line_1_22' title="bbox 372 3458 1507 3553; baseline -0.004 -24"><span class='ocrx_word' id='word_1_151' title='bbox 372 3483 414 3529; x_wconf 88' lang='lat' dir='ltr'><strong>ac</strong></span> <span class='ocrx_word' id='word_1_152' title='bbox 439 3458 665 3550; x_wconf 82' lang='lat' dir='ltr'><strong>diligentiam</strong></span> <span class='ocrx_word' id='word_1_153' title='bbox 681 3460 933 3553; x_wconf 77' lang='lat' dir='ltr'><strong>approbarem.</strong></span> <span class='ocrx_word' id='word_1_154' title='bbox 960 3458 1090 3528; x_wconf 89' lang='lat' dir='ltr'><strong>&#39;l&#39;acite</strong></span> <span class='ocrx_word' id='word_1_155' title='bbox 1114 3458 1241 3528; x_wconf 86' lang='lat' dir='ltr'><strong>austuli</strong></span> <span class='ocrx_word' id='word_1_156' title='bbox 1266 3459 1395 3529; x_wconf 86' lang='lat' dir='ltr'><strong>menda</strong></span> <span class='ocrx_word' id='word_1_157' title='bbox 1422 3458 1507 3528; x_wconf 89' lang='lat' dir='ltr'><strong>edi-</strong></span> 
     </span>
     <span class='ocr_line' id='line_1_23' title="bbox 371 3586 1508 3684; baseline 0.001 -26"><span class='ocrx_word' id='word_1_158' title='bbox 371 3589 482 3658; x_wconf 88' lang='lat' dir='ltr'><strong>tionia</strong></span> <span class='ocrx_word' id='word_1_159' title='bbox 507 3589 775 3682; x_wconf 77' lang='lat' dir='ltr'><strong>Calcuttenaia5</strong></span> <span class='ocrx_word' id='word_1_160' title='bbox 808 3601 988 3679; x_wconf 88' lang='lat' dir='ltr'><strong>attamen,</strong></span> <span class='ocrx_word' id='word_1_161' title='bbox 1022 3591 1052 3658; x_wconf 87' lang='lat' dir='ltr'><strong>ai</strong></span> <span class='ocrx_word' id='word_1_162' title='bbox 1078 3591 1157 3683; x_wconf 86' lang='lat' dir='ltr'><strong>quis</strong></span> <span class='ocrx_word' id='word_1_163' title='bbox 1183 3589 1302 3681; x_wconf 80' lang='lat' dir='ltr'><strong>sorte,</strong></span> <span class='ocrx_word' id='word_1_164' title='bbox 1329 3586 1413 3684; x_wconf 88' lang='lat' dir='ltr'><strong>(eui</strong></span> <span class='ocrx_word' id='word_1_165' title='bbox 1440 3613 1508 3659; x_wconf 85' lang='lat' dir='ltr'><strong>nec</strong></span> 
     </span>
     <span class='ocr_line' id='line_1_24' title="bbox 373 3720 1507 3818; baseline -0.004 -23"><span class='ocrx_word' id='word_1_166' title='bbox 373 3720 609 3795; x_wconf 77' lang='lat' dir='ltr'><strong>vehementer</strong></span> <span class='ocrx_word' id='word_1_167' title='bbox 643 3722 920 3818; x_wconf 74' lang='lat' dir='ltr'><strong>succenserem)</strong></span> <span class='ocrx_word' id='word_1_168' title='bbox 944 3723 1051 3792; x_wconf 91' lang='lat' dir='ltr'><strong>dacto</strong></span> <span class='ocrx_word' id='word_1_169' title='bbox 1083 3722 1225 3793; x_wconf 73' lang='lat' dir='ltr'><strong>cuidam</strong></span> <span class='ocrx_word' id='word_1_170' title='bbox 1261 3723 1507 3812; x_wconf 86' lang='lat' dir='ltr'><strong>llracbmano,</strong></span> 
     </span>
     <span class='ocr_line' id='line_1_25' title="bbox 374 3853 1511 3951; baseline 0.002 -27"><span class='ocrx_word' id='word_1_171' title='bbox 374 3853 564 3925; x_wconf 89' lang='lat' dir='ltr'><strong>Calcuttae</strong></span> <span class='ocrx_word' id='word_1_172' title='bbox 588 3854 757 3950; x_wconf 79' lang='lat' dir='ltr'><strong>degenti,</strong></span> <span class='ocrx_word' id='word_1_173' title='bbox 785 3855 866 3951; x_wconf 83' lang='lat' dir='ltr'><strong>plue</strong></span> <span class='ocrx_word' id='word_1_174' title='bbox 897 3853 982 3928; x_wconf 85' lang='lat' dir='ltr'><strong>sulci</strong></span> <span class='ocrx_word' id='word_1_175' title='bbox 1008 3857 1160 3932; x_wconf 80' lang='lat' dir='ltr'><strong>liaberet</strong></span> <span class='ocrx_word' id='word_1_176' title='bbox 1184 3882 1292 3951; x_wconf 87' lang='lat' dir='ltr'><strong>quam</strong></span> <span class='ocrx_word' id='word_1_177' title='bbox 1319 3856 1433 3947; x_wconf 87' lang='lat' dir='ltr'><strong>milri,</strong></span> <span class='ocrx_word' id='word_1_178' title='bbox 1469 3868 1511 3926; x_wconf 85' lang='lat' dir='ltr'><strong>ut</strong></span> 
     </span>
     <span class='ocr_line' id='line_1_26' title="bbox 374 3989 1512 4084; baseline -0.001 -26"><span class='ocrx_word' id='word_1_179' title='bbox 374 3989 494 4060; x_wconf 69' lang='lat' dir='ltr'><strong>isaim</strong></span> <span class='ocrx_word' id='word_1_180' title='bbox 529 3990 662 4061; x_wconf 88' lang='lat' dir='ltr'><strong>iudicio</strong></span> <span class='ocrx_word' id='word_1_181' title='bbox 696 3993 749 4061; x_wconf 92' lang='lat' dir='ltr'><strong>uti</strong></span> <span class='ocrx_word' id='word_1_182' title='bbox 776 4002 911 4084; x_wconf 79' lang='lat' dir='ltr'><strong>poscet,</strong></span> <span class='ocrx_word' id='word_1_183' title='bbox 948 3994 1123 4080; x_wconf 86' lang='lat' dir='ltr'><strong>omnium,</strong></span> <span class='ocrx_word' id='word_1_184' title='bbox 1156 3993 1193 4058; x_wconf 89' lang='lat' dir='ltr'><strong>in</strong></span> <span class='ocrx_word' id='word_1_185' title='bbox 1231 3989 1361 4083; x_wconf 89' lang='lat' dir='ltr'><strong>quibua</strong></span> <span class='ocrx_word' id='word_1_186' title='bbox 1386 4000 1512 4058; x_wconf 83' lang='lat' dir='ltr'><strong>nostra</strong></span> 
     </span>
     <span class='ocr_line' id='line_1_27' title="bbox 285 4122 1510 4218; baseline 0 -26"><span class='ocrx_word' id='word_1_187' title='bbox 285 4196 288 4202; x_wconf 68' lang='grc'>,</span> <span class='ocrx_word' id='word_1_188' title='bbox 373 4122 487 4193; x_wconf 91' lang='lat' dir='ltr'><strong>editio</strong></span> <span class='ocrx_word' id='word_1_189' title='bbox 520 4124 566 4193; x_wconf 87' lang='lat' dir='ltr'><strong>ab</strong></span> <span class='ocrx_word' id='word_1_190' title='bbox 603 4122 665 4192; x_wconf 91' lang='lat' dir='ltr'><strong>illa</strong></span> <span class='ocrx_word' id='word_1_191' title='bbox 695 4124 899 4218; x_wconf 85' lang='lat' dir='ltr'><strong>discrepat,</strong></span> <span class='ocrx_word' id='word_1_192' title='bbox 940 4125 1097 4194; x_wconf 88' lang='lat' dir='ltr'><strong>indicem</strong></span> <span class='ocrx_word' id='word_1_193' title='bbox 1131 4123 1178 4192; x_wconf 89' lang='lat' dir='ltr'><strong>ad</strong></span> <span class='ocrx_word' id='word_1_194' title='bbox 1210 4122 1348 4195; x_wconf 82' lang='lat' dir='ltr'><strong>calcem</strong></span> <span class='ocrx_word' id='word_1_195' title='bbox 1382 4122 1510 4197; x_wconf 89' lang='lat' dir='ltr'><strong>adieci.</strong></span> 
     </span>
     <span class='ocr_line' id='line_1_28' title="bbox 373 4253 1509 4353; baseline 0.004 -29"><span class='ocrx_word' id='word_1_196' title='bbox 373 4253 590 4328; x_wconf 82' lang='lat' dir='ltr'><strong>Maniseatoa</strong></span> <span class='ocrx_word' id='word_1_197' title='bbox 615 4257 744 4328; x_wconf 87' lang='lat' dir='ltr'><strong>calami</strong></span> <span class='ocrx_word' id='word_1_198' title='bbox 769 4258 901 4352; x_wconf 80' lang='lat' dir='ltr'><strong>lapsus,</strong></span> <span class='ocrx_word' id='word_1_199' title='bbox 930 4284 951 4326; x_wconf 91' lang='lat' dir='ltr'><strong>a</strong></span> <span class='ocrx_word' id='word_1_200' title='bbox 975 4260 1104 4353; x_wconf 83' lang='lat' dir='ltr'><strong>quibua</strong></span> <span class='ocrx_word' id='word_1_201' title='bbox 1130 4256 1250 4328; x_wconf 79' lang='lat' dir='ltr'><strong>millae</strong></span> <span class='ocrx_word' id='word_1_202' title='bbox 1276 4255 1354 4325; x_wconf 85' lang='lat' dir='ltr'><strong>scre</strong></span> <span class='ocrx_word' id='word_1_203' title='bbox 1380 4257 1509 4328; x_wconf 79' lang='lat' dir='ltr'><strong>codex</strong></span> 
     </span>
     <span class='ocr_line' id='line_1_29' title="bbox 372 4385 1507 4484; baseline -0.001 -26"><span class='ocrx_word' id='word_1_204' title='bbox 372 4385 519 4460; x_wconf 83' lang='lat' dir='ltr'><strong>MSctua</strong></span> <span class='ocrx_word' id='word_1_205' title='bbox 554 4413 703 4484; x_wconf 75' lang='lat' dir='ltr'><strong>prorsus</strong></span> <span class='ocrx_word' id='word_1_206' title='bbox 741 4404 796 4462; x_wconf 85' lang='lat' dir='ltr'><strong>eat</strong></span> <span class='ocrx_word' id='word_1_207' title='bbox 830 4391 1024 4479; x_wconf 83' lang='lat' dir='ltr'><strong>immunia,</strong></span> <span class='ocrx_word' id='word_1_208' title='bbox 1075 4402 1307 4461; x_wconf 83' lang='lat' dir='ltr'><strong>enataveram</strong></span> <span class='ocrx_word' id='word_1_209' title='bbox 1344 4389 1507 4481; x_wconf 89' lang='lat' dir='ltr'><strong>quidem,</strong></span> 
     </span>
     <span class='ocr_line' id='line_1_30' title="bbox 371 4520 1509 4617; baseline 0.001 -27"><span class='ocrx_word' id='word_1_210' title='bbox 371 4524 437 4591; x_wconf 81' lang='lat' dir='ltr'><strong>aed</strong></span> <span class='ocrx_word' id='word_1_211' title='bbox 466 4533 507 4591; x_wconf 94' lang='lat' dir='ltr'><strong>ut</strong></span> <span class='ocrx_word' id='word_1_212' title='bbox 531 4521 680 4594; x_wconf 83' lang='lat' dir='ltr'><strong>chartea</strong></span> <span class='ocrx_word' id='word_1_213' title='bbox 711 4535 748 4594; x_wconf 86' lang='lat' dir='ltr'><strong>ct</strong></span> <span class='ocrx_word' id='word_1_214' title='bbox 782 4523 929 4594; x_wconf 84' lang='lat' dir='ltr'><strong>lectoris</strong></span> <span class='ocrx_word' id='word_1_215' title='bbox 960 4525 1080 4593; x_wconf 91' lang='lat' dir='ltr'><strong>taedio</strong></span> <span class='ocrx_word' id='word_1_216' title='bbox 1112 4543 1327 4617; x_wconf 77' lang='lat' dir='ltr'><strong>parcerem,</strong></span> <span class='ocrx_word' id='word_1_217' title='bbox 1364 4520 1509 4591; x_wconf 84' lang='lat' dir='ltr'><strong>silentio</strong></span> 
     </span>
     <span class='ocr_line' id='line_1_31' title="bbox 340 4655 1509 4751; baseline 0.001 -30"><span class='ocrx_word' id='word_1_218' title='bbox 340 4693 344 4702; x_wconf 89' lang='lat'><strong>·</strong></span> <span class='ocrx_word' id='word_1_219' title='bbox 372 4655 616 4747; x_wconf 67' lang='lat' dir='ltr'><strong>praetermisi.</strong></span> <span class='ocrx_word' id='word_1_220' title='bbox 669 4655 728 4729; x_wconf 92' lang='lat' dir='ltr'><strong>Dc</strong></span> <span class='ocrx_word' id='word_1_221' title='bbox 753 4657 888 4751; x_wconf 79' lang='lat' dir='ltr'><strong>paucio,</strong></span> <span class='ocrx_word' id='word_1_222' title='bbox 916 4680 1008 4750; x_wconf 89' lang='lat' dir='ltr'><strong>qaae</strong></span> <span class='ocrx_word' id='word_1_223' title='bbox 1043 4657 1164 4732; x_wconf 78' lang='lat' dir='ltr'><strong>variae</strong></span> <span class='ocrx_word' id='word_1_224' title='bbox 1197 4655 1360 4727; x_wconf 72' lang='lat' dir='ltr'><strong>lectionis</strong></span> <span class='ocrx_word' id='word_1_225' title='bbox 1395 4655 1509 4726; x_wconf 82' lang='lat' dir='ltr'><strong>nauii·</strong></span> 
     </span>
    </p>
   </div>
   <div class='ocr_carea' id='block_1_7' title="bbox 0 0 1711 5264">
    <p class='ocr_par' dir='ltr' id='par_1_8' title="bbox 0 0 1711 5264">
     <span class='ocr_line' id='line_1_32' title="bbox 0 0 1711 5264; baseline 0 0"><span class='ocrx_word' id='word_1_226' title='bbox 0 0 1711 5264; x_wconf 95' lang='lat' dir='ltr'><strong> </strong></span> 
     </span>
    </p>
   </div>
  </div>
 </body>
</html>
