<?xml version="1.0" encoding="UTF-8"?>
<!DOCTYPE html PUBLIC "-//W3C//DTD XHTML 1.0 Transitional//EN"
    "http://www.w3.org/TR/xhtml1/DTD/xhtml1-transitional.dtd">
<html xmlns="http://www.w3.org/1999/xhtml" xml:lang="en" lang="en">
 <head>
  <title>
</title>
<meta http-equiv="Content-Type" content="text/html;charset=utf-8" />
  <meta name='ocr-system' content='tesseract 3.04.00' />
  <meta name='ocr-capabilities' content='ocr_page ocr_carea ocr_par ocr_line ocrx_word'/>
</head>
<body>
  <div class='ocr_page' id='page_1' title='image "bhagavadgitaide00schlgoog_0023.png"; bbox 0 0 3398 5264; ppageno 0'>
   <div class='ocr_carea' id='block_1_1' title="bbox 711 546 1403 617">
    <p class='ocr_par' dir='ltr' id='par_1_1' title="bbox 711 546 1403 617">
     <span class='ocr_line' id='line_1_1' title="bbox 711 546 1403 617; baseline 0.003 -2"><span class='ocrx_word' id='word_1_1' title='bbox 711 546 960 615; x_wconf 77' lang='lat' dir='ltr'><strong>Panararro.</strong></span> <span class='ocrx_word' id='word_1_2' title='bbox 1319 566 1403 617; x_wconf 86' lang='lat' dir='ltr'><strong>xnr</strong></span> 
     </span>
    </p>
   </div>
   <div class='ocr_carea' id='block_1_2' title="bbox 267 725 1407 1216">
    <p class='ocr_par' dir='ltr' id='par_1_2' title="bbox 267 725 1407 1216">
     <span class='ocr_line' id='line_1_2' title="bbox 269 725 1403 821; baseline 0.003 -23"><span class='ocrx_word' id='word_1_3' title='bbox 269 729 435 798; x_wconf 86' lang='lat' dir='ltr'><strong>omnibus</strong></span> <span class='ocrx_word' id='word_1_4' title='bbox 472 725 649 797; x_wconf 88' lang='lat' dir='ltr'><strong>lectorem</strong></span> <span class='ocrx_word' id='word_1_5' title='bbox 688 749 735 797; x_wconf 92' lang='lat' dir='ltr'><strong>ne</strong></span> <span class='ocrx_word' id='word_1_6' title='bbox 777 728 893 802; x_wconf 75' lang='lat' dir='ltr'><strong>verbo</strong></span> <span class='ocrx_word' id='word_1_7' title='bbox 935 726 1082 821; x_wconf 86' lang='lat' dir='ltr'><strong>quidem</strong></span> <span class='ocrx_word' id='word_1_8' title='bbox 1112 728 1403 801; x_wconf 84' lang='lat' dir='ltr'><strong>eommonefecit.</strong></span> 
     </span>
     <span class='ocr_line' id='line_1_3' title="bbox 269 858 1406 952; baseline 0.002 -23"><span class='ocrx_word' id='word_1_9' title='bbox 269 863 441 929; x_wconf 88' lang='lat' dir='ltr'><strong>Ceterum</strong></span> <span class='ocrx_word' id='word_1_10' title='bbox 468 858 507 927; x_wconf 94' lang='lat' dir='ltr'><strong>in</strong></span> <span class='ocrx_word' id='word_1_11' title='bbox 532 858 718 928; x_wconf 88' lang='lat' dir='ltr'><strong>scribendi</strong></span> <span class='ocrx_word' id='word_1_12' title='bbox 745 860 888 928; x_wconf 90' lang='lat' dir='ltr'><strong>ratione</strong></span> <span class='ocrx_word' id='word_1_13' title='bbox 902 910 913 948; x_wconf 95' lang='lat'><strong>,</strong></span> <span class='ocrx_word' id='word_1_14' title='bbox 932 870 1121 952; x_wconf 74' lang='lat' dir='ltr'><strong>‘quatenus</strong></span> <span class='ocrx_word' id='word_1_15' title='bbox 1146 884 1190 928; x_wconf 90' lang='lat' dir='ltr'><strong>ea</strong></span> <span class='ocrx_word' id='word_1_16' title='bbox 1213 861 1406 931; x_wconf 75' lang='lat' dir='ltr'><strong>scribentis</strong></span> 
     </span>
     <span class='ocr_line' id='line_1_4' title="bbox 267 975 1406 1082; baseline 0.004 -26"><span class='ocrx_word' id='word_1_17' title='bbox 267 991 419 1058; x_wconf 90' lang='lat' dir='ltr'><strong>arbitrio</strong></span> <span class='ocrx_word' id='word_1_18' title='bbox 451 988 697 1080; x_wconf 73' lang='lat' dir='ltr'><strong>permittitur,</strong></span> <span class='ocrx_word' id='word_1_19' title='bbox 740 1011 866 1079; x_wconf 89' lang='lat' dir='ltr'><strong>presse</strong></span> <span class='ocrx_word' id='word_1_20' title='bbox 903 1001 1077 1082; x_wconf 87' lang='lat' dir='ltr'><strong>sequutus</strong></span> <span class='ocrx_word' id='word_1_21' title='bbox 1112 975 1172 1056; x_wconf 70' lang='lat' dir='ltr'><strong>est</strong></span> <span class='ocrx_word' id='word_1_22' title='bbox 1203 991 1406 1061; x_wconf 81' lang='lat' dir='ltr'><strong>editionem</strong></span> 
     </span>
     <span class='ocr_line' id='line_1_5' title="bbox 269 1119 1407 1216; baseline 0.003 -26"><span class='ocrx_word' id='word_1_23' title='bbox 269 1119 549 1212; x_wconf 87' lang='lat' dir='ltr'><strong>Calcuttensem,</strong></span> <span class='ocrx_word' id='word_1_24' title='bbox 561 1122 721 1191; x_wconf 80' lang='lat' dir='ltr'><strong>servavit</strong></span> <span class='ocrx_word' id='word_1_25' title='bbox 739 1121 849 1190; x_wconf 86' lang='lat' dir='ltr'><strong>etiam</strong></span> <span class='ocrx_word' id='word_1_26' title='bbox 862 1143 1004 1190; x_wconf 89' lang='lat' dir='ltr'><strong>morem</strong></span> <span class='ocrx_word' id='word_1_27' title='bbox 1021 1122 1145 1212; x_wconf 85' lang='lat' dir='ltr'><strong>istum,</strong></span> <span class='ocrx_word' id='word_1_28' title='bbox 1165 1122 1212 1191; x_wconf 87' lang='lat' dir='ltr'><strong>de</strong></span> <span class='ocrx_word' id='word_1_29' title='bbox 1232 1146 1304 1216; x_wconf 91' lang='lat' dir='ltr'><strong>quo</strong></span> <span class='ocrx_word' id='word_1_30' title='bbox 1319 1146 1407 1193; x_wconf 83' lang='lat' dir='ltr'><strong>mox</strong></span> 
     </span>
    </p>
   </div>
   <div class='ocr_carea' id='block_1_3' title="bbox 269 1239 1408 1349">
    <p class='ocr_par' dir='ltr' id='par_1_3' title="bbox 269 1239 1408 1349">
     <span class='ocr_line' id='line_1_6' title="bbox 269 1239 1408 1349; baseline 0.001 -26"><span class='ocrx_word' id='word_1_31' title='bbox 269 1279 429 1348; x_wconf 82' lang='lat' dir='ltr'>agemus,</span> <span class='ocrx_word' id='word_1_32' title='bbox 457 1251 731 1323; x_wconf 89' lang='lat' dir='ltr'><strong>incommodum</strong></span> <span class='ocrx_word' id='word_1_33' title='bbox 757 1277 869 1341; x_wconf 90' lang='lat' dir='ltr'><strong>sane,</strong></span> <span class='ocrx_word' id='word_1_34' title='bbox 895 1254 1009 1326; x_wconf 82' lang='lat' dir='ltr'><strong>verba</strong></span> <span class='ocrx_word' id='word_1_35' title='bbox 1038 1239 1106 1349; x_wconf 85' lang='lat' dir='ltr'><strong>per</strong></span> <span class='ocrx_word' id='word_1_36' title='bbox 1130 1257 1292 1349; x_wconf 84' lang='lat' dir='ltr'><strong>integros</strong></span> <span class='ocrx_word' id='word_1_37' title='bbox 1317 1278 1408 1326; x_wconf 84' lang='lat' dir='ltr'><strong>ver·-</strong></span> 
     </span>
    </p>
   </div>
   <div class='ocr_carea' id='block_1_4' title="bbox 185 1377 1465 4564">
    <p class='ocr_par' dir='ltr' id='par_1_4' title="bbox 270 1377 1465 2028">
     <span class='ocr_line' id='line_1_7' title="bbox 270 1377 1465 1488; baseline 0.004 -29"><span class='ocrx_word' id='word_1_38' title='bbox 270 1415 329 1459; x_wconf 87' lang='lat' dir='ltr'><strong>sus</strong></span> <span class='ocrx_word' id='word_1_39' title='bbox 354 1388 601 1460; x_wconf 78' lang='lat' dir='ltr'><strong>continuandi.</strong></span> <span class='ocrx_word' id='word_1_40' title='bbox 650 1386 835 1488; x_wconf 81' lang='lat' dir='ltr'><strong>Apparet,</strong></span> <span class='ocrx_word' id='word_1_41' title='bbox 873 1413 957 1460; x_wconf 91' lang='lat' dir='ltr'><strong>eum</strong></span> <span class='ocrx_word' id='word_1_42' title='bbox 991 1389 1093 1463; x_wconf 91' lang='lat' dir='ltr'><strong>nullo</strong></span> <span class='ocrx_word' id='word_1_43' title='bbox 1118 1389 1190 1459; x_wconf 87' lang='lat' dir='ltr'><strong>alio</strong></span> <span class='ocrx_word' id='word_1_44' title='bbox 1217 1413 1264 1460; x_wconf 85' lang='lat' dir='ltr'><strong>ex</strong></span> <span class='ocrx_word' id='word_1_45' title='bbox 1288 1391 1406 1483; x_wconf 88' lang='lat' dir='ltr'><strong>sonte,</strong></span> <span class='ocrx_word' id='word_1_46' title='bbox 1464 1377 1465 1381; x_wconf 8' lang='grc' dir='ltr'><strong>Ἰ</strong></span> 
     </span>
     <span class='ocr_line' id='line_1_8' title="bbox 272 1521 1411 1621; baseline 0.004 -27"><span class='ocrx_word' id='word_1_47' title='bbox 272 1549 379 1621; x_wconf 88' lang='lat' dir='ltr'><strong>quam</strong></span> <span class='ocrx_word' id='word_1_48' title='bbox 403 1548 450 1596; x_wconf 85' lang='lat' dir='ltr'><strong>ex</strong></span> <span class='ocrx_word' id='word_1_49' title='bbox 473 1525 559 1616; x_wconf 88' lang='lat' dir='ltr'><strong>hoe,</strong></span> <span class='ocrx_word' id='word_1_50' title='bbox 586 1534 728 1597; x_wconf 84' lang='lat' dir='ltr'><strong>textum</strong></span> <span class='ocrx_word' id='word_1_51' title='bbox 761 1549 867 1596; x_wconf 87' lang='lat' dir='ltr'><strong>suum</strong></span> <span class='ocrx_word' id='word_1_52' title='bbox 899 1525 1092 1599; x_wconf 82' lang='lat' dir='ltr'><strong>derivasse.</strong></span> <span class='ocrx_word' id='word_1_53' title='bbox 1149 1521 1277 1615; x_wconf 84' lang='lat' dir='ltr'><strong>Adde,</strong></span> <span class='ocrx_word' id='word_1_54' title='bbox 1310 1527 1411 1621; x_wconf 90' lang='lat' dir='ltr'><strong>quod</strong></span> 
     </span>
     <span class='ocr_line' id='line_1_9' title="bbox 272 1659 1409 1758; baseline 0.002 -26"><span class='ocrx_word' id='word_1_55' title='bbox 272 1661 421 1758; x_wconf 83' lang='lat' dir='ltr'><strong>paginae</strong></span> <span class='ocrx_word' id='word_1_56' title='bbox 440 1662 549 1732; x_wconf 90' lang='lat' dir='ltr'><strong>huius</strong></span> <span class='ocrx_word' id='word_1_57' title='bbox 568 1660 882 1734; x_wconf 85' lang='lat' dir='ltr'><strong>Chrestomatltiae</strong></span> <span class='ocrx_word' id='word_1_58' title='bbox 896 1659 1064 1756; x_wconf 78' lang='lat' dir='ltr'><strong>squalent</strong></span> <span class='ocrx_word' id='word_1_59' title='bbox 1082 1660 1304 1752; x_wconf 87' lang='lat' dir='ltr'><strong>litterarum,</strong></span> <span class='ocrx_word' id='word_1_60' title='bbox 1321 1686 1409 1756; x_wconf 86' lang='lat' dir='ltr'><strong>quae</strong></span> 
     </span>
     <span class='ocr_line' id='line_1_10' title="bbox 276 1786 1413 1893; baseline 0.001 -25"><span class='ocrx_word' id='word_1_61' title='bbox 276 1798 394 1869; x_wconf 88' lang='lat' dir='ltr'><strong>editor</strong></span> <span class='ocrx_word' id='word_1_62' title='bbox 419 1796 686 1892; x_wconf 85' lang='lat' dir='ltr'><strong>lithographiee</strong></span> <span class='ocrx_word' id='word_1_63' title='bbox 710 1786 968 1893; x_wconf 63' lang='lat' dir='ltr'><strong>exprimendas*</strong></span> <span class='ocrx_word' id='word_1_64' title='bbox 998 1797 1160 1886; x_wconf 79' lang='lat' dir='ltr'><strong>curavit,</strong></span> <span class='ocrx_word' id='word_1_65' title='bbox 1196 1807 1413 1890; x_wconf 87' lang='lat' dir='ltr'><strong>portentosa</strong></span> 
     </span>
     <span class='ocr_line' id='line_1_11' title="bbox 275 1930 1411 2028; baseline 0.002 -25"><span class='ocrx_word' id='word_1_66' title='bbox 275 1933 432 2028; x_wconf 88' lang='lat' dir='ltr'><strong>quadam</strong></span> <span class='ocrx_word' id='word_1_67' title='bbox 464 1930 713 2012; x_wconf 80' lang='lat' dir='ltr'><strong>deformitate.</strong></span> <span class='ocrx_word' id='word_1_68' title='bbox 770 1932 984 2027; x_wconf 88' lang='lat' dir='ltr'><strong>Tantopere</strong></span> <span class='ocrx_word' id='word_1_69' title='bbox 1027 1930 1230 2002; x_wconf 88' lang='lat' dir='ltr'><strong>abhorrent</strong></span> <span class='ocrx_word' id='word_1_70' title='bbox 1262 1930 1411 2005; x_wconf 80' lang='lat' dir='ltr'><strong>litterae</strong></span> 
     </span>
    </p>

    <p class='ocr_par' dir='ltr' id='par_1_5' title="bbox 185 2063 1447 3763">
     <span class='ocr_line' id='line_1_12' title="bbox 275 2063 1424 2156; baseline 0.004 -20"><span class='ocrx_word' id='word_1_71' title='bbox 275 2067 501 2146; x_wconf 82' lang='lat' dir='ltr'><strong>Frankianae</strong></span> <span class='ocrx_word' id='word_1_72' title='bbox 536 2092 559 2138; x_wconf 82' lang='lat' dir='ltr'><strong>a</strong></span> <span class='ocrx_word' id='word_1_73' title='bbox 594 2066 726 2140; x_wconf 86' lang='lat' dir='ltr'><strong>formis</strong></span> <span class='ocrx_word' id='word_1_74' title='bbox 751 2068 946 2156; x_wconf 90' lang='lat' dir='ltr'><strong>consuetis,</strong></span> <span class='ocrx_word' id='word_1_75' title='bbox 973 2078 1048 2137; x_wconf 88' lang='lat' dir='ltr'><strong>tam</strong></span> <span class='ocrx_word' id='word_1_76' title='bbox 1074 2065 1170 2137; x_wconf 87' lang='lat' dir='ltr'><strong>male</strong></span> <span class='ocrx_word' id='word_1_77' title='bbox 1199 2076 1238 2137; x_wconf 90' lang='lat' dir='ltr'><strong>et</strong></span> <span class='ocrx_word' id='word_1_78' title='bbox 1261 2063 1424 2141; x_wconf 76' lang='lat' dir='ltr'><strong>eonfuse</strong></span> 
     </span>
     <span class='ocr_line' id='line_1_13' title="bbox 185 2167 1413 2292; baseline -0.001 -23"><span class='ocrx_word' id='word_1_79' title='bbox 185 2167 190 2176; x_wconf 30' lang='grc' dir='ltr'><strong><em>Ι</em></strong></span> <span class='ocrx_word' id='word_1_80' title='bbox 276 2211 360 2271; x_wconf 92' lang='lat' dir='ltr'><strong>sunt</strong></span> <span class='ocrx_word' id='word_1_81' title='bbox 386 2201 613 2292; x_wconf 85' lang='lat' dir='ltr'><strong>delineatae,</strong></span> <span class='ocrx_word' id='word_1_82' title='bbox 651 2211 694 2270; x_wconf 91' lang='lat' dir='ltr'><strong>ut</strong></span> <span class='ocrx_word' id='word_1_83' title='bbox 720 2199 779 2274; x_wconf 83' lang='lat' dir='ltr'><strong>vel</strong></span> <span class='ocrx_word' id='word_1_84' title='bbox 806 2199 1144 2271; x_wconf 81' lang='lat' dir='ltr'><strong>exercitatissimum</strong></span> <span class='ocrx_word' id='word_1_85' title='bbox 1173 2200 1278 2269; x_wconf 77' lang='lat' dir='ltr'><strong>vario</strong></span> <span class='ocrx_word' id='word_1_86' title='bbox 1303 2198 1413 2269; x_wconf 85' lang='lat' dir='ltr'><strong>codi-</strong></span> 
     </span>
     <span class='ocr_line' id='line_1_14' title="bbox 233 2328 1414 2421; baseline -0.001 -20"><span class='ocrx_word' id='word_1_87' title='bbox 233 2358 237 2374; x_wconf 87' lang='lat'>·</span> <span class='ocrx_word' id='word_1_88' title='bbox 278 2356 360 2402; x_wconf 89' lang='lat' dir='ltr'><strong>cum</strong></span> <span class='ocrx_word' id='word_1_89' title='bbox 392 2334 605 2405; x_wconf 86' lang='lat' dir='ltr'><strong>charactere</strong></span> <span class='ocrx_word' id='word_1_90' title='bbox 638 2335 840 2421; x_wconf 88' lang='lat' dir='ltr'><strong>lectorem,</strong></span> <span class='ocrx_word' id='word_1_91' title='bbox 876 2331 1011 2403; x_wconf 87' lang='lat' dir='ltr'><strong>nedum</strong></span> <span class='ocrx_word' id='word_1_92' title='bbox 1047 2331 1227 2419; x_wconf 88' lang='lat' dir='ltr'><strong>tironem,</strong></span> <span class='ocrx_word' id='word_1_93' title='bbox 1271 2328 1414 2400; x_wconf 87' lang='lat' dir='ltr'><strong>mereri</strong></span> 
     </span>
     <span class='ocr_line' id='line_1_15' title="bbox 271 2463 1447 2561; baseline 0.002 -28"><span class='ocrx_word' id='word_1_94' title='bbox 271 2467 424 2560; x_wconf 85' lang='lat' dir='ltr'><strong>possint.</strong></span> <span class='ocrx_word' id='word_1_95' title='bbox 475 2469 600 2561; x_wconf 87' lang='lat' dir='ltr'><strong>Ipsum</strong></span> <span class='ocrx_word' id='word_1_96' title='bbox 626 2463 830 2557; x_wconf 73' lang='lat' dir='ltr'><strong>Gaudeam,</strong></span> <span class='ocrx_word' id='word_1_97' title='bbox 857 2464 1063 2534; x_wconf 88' lang='lat' dir='ltr'><strong>litterarum</strong></span> <span class='ocrx_word' id='word_1_98' title='bbox 1089 2463 1344 2556; x_wconf 79' lang='lat' dir='ltr'><strong>inventorem,</strong></span> <span class='ocrx_word' id='word_1_99' title='bbox 1380 2463 1415 2535; x_wconf 83' lang='lat' dir='ltr'><strong>ei</strong></span> <span class='ocrx_word' id='word_1_100' title='bbox 1445 2549 1447 2553; x_wconf 23' lang='grc' dir='ltr'>Ι</span> 
     </span>
     <span class='ocr_line' id='line_1_16' title="bbox 281 2593 1445 2692; baseline 0.004 -28"><span class='ocrx_word' id='word_1_101' title='bbox 281 2599 386 2668; x_wconf 83' lang='lat' dir='ltr'><strong>hasce</strong></span> <span class='ocrx_word' id='word_1_102' title='bbox 411 2599 593 2691; x_wconf 85' lang='lat' dir='ltr'><strong>inspicere</strong></span> <span class='ocrx_word' id='word_1_103' title='bbox 616 2609 751 2692; x_wconf 87' lang='lat' dir='ltr'><strong>posset,</strong></span> <span class='ocrx_word' id='word_1_104' title='bbox 778 2620 866 2666; x_wconf 90' lang='lat' dir='ltr'><strong>naso</strong></span> <span class='ocrx_word' id='word_1_105' title='bbox 888 2600 957 2666; x_wconf 87' lang='lat' dir='ltr'><strong>isto</strong></span> <span class='ocrx_word' id='word_1_106' title='bbox 982 2619 1048 2664; x_wconf 93' lang='lat' dir='ltr'><strong>suo</strong></span> <span class='ocrx_word' id='word_1_107' title='bbox 1072 2593 1307 2688; x_wconf 89' lang='lat' dir='ltr'><strong>elephantino</strong></span> <span class='ocrx_word' id='word_1_108' title='bbox 1333 2595 1415 2667; x_wconf 80' lang='lat' dir='ltr'><strong>sas-</strong></span> <span class='ocrx_word' id='word_1_109' title='bbox 1444 2664 1445 2669; x_wconf 75' lang='grc'>,</span> 
     </span>
     <span class='ocr_line' id='line_1_17' title="bbox 281 2726 1415 2826; baseline 0 -26"><span class='ocrx_word' id='word_1_110' title='bbox 281 2731 410 2802; x_wconf 88' lang='lat' dir='ltr'><strong>tidiose</strong></span> <span class='ocrx_word' id='word_1_111' title='bbox 436 2730 521 2799; x_wconf 89' lang='lat' dir='ltr'><strong>inde</strong></span> <span class='ocrx_word' id='word_1_112' title='bbox 546 2753 690 2821; x_wconf 80' lang='lat' dir='ltr'><strong>averso,</strong></span> <span class='ocrx_word' id='word_1_113' title='bbox 717 2742 807 2826; x_wconf 90' lang='lat' dir='ltr'><strong>puto</strong></span> <span class='ocrx_word' id='word_1_114' title='bbox 833 2730 1072 2799; x_wconf 68' lang='lat' dir='ltr'><strong>claricaturam</strong></span> <span class='ocrx_word' id='word_1_115' title='bbox 1098 2751 1199 2817; x_wconf 89' lang='lat' dir='ltr'><strong>esse,</strong></span> <span class='ocrx_word' id='word_1_116' title='bbox 1240 2751 1310 2800; x_wconf 91' lang='lat' dir='ltr'><strong>nee</strong></span> <span class='ocrx_word' id='word_1_117' title='bbox 1339 2726 1415 2800; x_wconf 83' lang='lat' dir='ltr'><strong>Dls</strong></span> 
     </span>
     <span class='ocr_line' id='line_1_18' title="bbox 280 2861 1417 2955; baseline 0.002 -23"><span class='ocrx_word' id='word_1_118' title='bbox 280 2888 348 2934; x_wconf 91' lang='lat' dir='ltr'><strong>noc</strong></span> <span class='ocrx_word' id='word_1_119' title='bbox 374 2863 584 2934; x_wconf 85' lang='lat' dir='ltr'><strong>horninibus</strong></span> <span class='ocrx_word' id='word_1_120' title='bbox 609 2863 789 2933; x_wconf 87' lang='lat' dir='ltr'><strong>eiusmodi</strong></span> <span class='ocrx_word' id='word_1_121' title='bbox 814 2864 955 2931; x_wconf 87' lang='lat' dir='ltr'><strong>litteras</strong></span> <span class='ocrx_word' id='word_1_122' title='bbox 979 2861 1150 2955; x_wconf 83' lang='lat' dir='ltr'><strong>legendas</strong></span> <span class='ocrx_word' id='word_1_123' title='bbox 1176 2861 1312 2934; x_wconf 88' lang='lat' dir='ltr'><strong>debere</strong></span> <span class='ocrx_word' id='word_1_124' title='bbox 1332 2885 1417 2953; x_wconf 89' lang='lat' dir='ltr'><strong>pro·</strong></span> 
     </span>
     <span class='ocr_line' id='line_1_19' title="bbox 280 2992 1418 3090; baseline -0.002 -24"><span class='ocrx_word' id='word_1_125' title='bbox 280 2998 378 3090; x_wconf 91' lang='lat' dir='ltr'><strong>poni.</strong></span> <span class='ocrx_word' id='word_1_126' title='bbox 430 2997 515 3087; x_wconf 87' lang='lat' dir='ltr'><strong>Qua</strong></span> <span class='ocrx_word' id='word_1_127' title='bbox 534 2995 573 3064; x_wconf 93' lang='lat' dir='ltr'><strong>in</strong></span> <span class='ocrx_word' id='word_1_128' title='bbox 597 3017 640 3067; x_wconf 89' lang='lat' dir='ltr'><strong>re</strong></span> <span class='ocrx_word' id='word_1_129' title='bbox 665 2993 767 3063; x_wconf 87' lang='lat' dir='ltr'><strong>nulla</strong></span> <span class='ocrx_word' id='word_1_130' title='bbox 790 3003 915 3064; x_wconf 81' lang='lat' dir='ltr'><strong>tamen</strong></span> <span class='ocrx_word' id='word_1_131' title='bbox 934 3005 990 3064; x_wconf 90' lang='lat' dir='ltr'><strong>est</strong></span> <span class='ocrx_word' id='word_1_132' title='bbox 1014 2994 1101 3063; x_wconf 87' lang='lat' dir='ltr'><strong>artis</strong></span> <span class='ocrx_word' id='word_1_133' title='bbox 1131 2992 1418 3087; x_wconf 86' lang='lat' dir='ltr'><strong>lithographicae</strong></span> 
     </span>
     <span class='ocr_line' id='line_1_20' title="bbox 280 3122 1419 3225; baseline -0.001 -26"><span class='ocrx_word' id='word_1_134' title='bbox 280 3131 400 3225; x_wconf 89' lang='lat' dir='ltr'><strong>culpa:</strong></span> <span class='ocrx_word' id='word_1_135' title='bbox 426 3129 606 3224; x_wconf 88' lang='lat' dir='ltr'><strong>siquidem</strong></span> <span class='ocrx_word' id='word_1_136' title='bbox 632 3122 1035 3218; x_wconf 60' lang='lat' dir='ltr'><strong>Remuneranda,</strong></span> <span class='ocrx_word' id='word_1_137' title='bbox 1063 3125 1252 3222; x_wconf 75' lang='lat' dir='ltr'><strong>professor</strong></span> <span class='ocrx_word' id='word_1_138' title='bbox 1278 3125 1419 3202; x_wconf 86' lang='lat' dir='ltr'><strong>Vratis·</strong></span> 
     </span>
     <span class='ocr_line' id='line_1_21' title="bbox 282 3262 1419 3364; baseline -0.004 -29"><span class='ocrx_word' id='word_1_139' title='bbox 282 3266 463 3359; x_wconf 86' lang='lat' dir='ltr'><strong>laviensis,</strong></span> <span class='ocrx_word' id='word_1_140' title='bbox 490 3265 754 3364; x_wconf 83' lang='lat' dir='ltr'><strong>lithogreplrice</strong></span> <span class='ocrx_word' id='word_1_141' title='bbox 780 3265 959 3361; x_wconf 85' lang='lat' dir='ltr'><strong>expressis</strong></span> <span class='ocrx_word' id='word_1_142' title='bbox 984 3284 1124 3360; x_wconf 86' lang='lat' dir='ltr'><strong>nuper,</strong></span> <span class='ocrx_word' id='word_1_143' title='bbox 1151 3262 1190 3334; x_wconf 90' lang='lat' dir='ltr'><strong>in</strong></span> <span class='ocrx_word' id='word_1_144' title='bbox 1215 3283 1323 3335; x_wconf 89' lang='lat' dir='ltr'><strong>usum</strong></span> <span class='ocrx_word' id='word_1_145' title='bbox 1349 3283 1419 3331; x_wconf 90' lang='lat' dir='ltr'><strong>au·</strong></span> 
     </span>
     <span class='ocr_line' id='line_1_22' title="bbox 284 3394 1418 3495; baseline -0.003 -25"><span class='ocrx_word' id='word_1_146' title='bbox 284 3401 444 3472; x_wconf 89' lang='lat' dir='ltr'><strong>ditorum</strong></span> <span class='ocrx_word' id='word_1_147' title='bbox 470 3424 635 3494; x_wconf 89' lang='lat' dir='ltr'><strong>suorum,</strong></span> <span class='ocrx_word' id='word_1_148' title='bbox 663 3401 802 3495; x_wconf 87' lang='lat' dir='ltr'><strong>aliquot</strong></span> <span class='ocrx_word' id='word_1_149' title='bbox 828 3394 1046 3494; x_wconf 75' lang='lat' dir='ltr'><strong>Hitepadtsi</strong></span> <span class='ocrx_word' id='word_1_150' title='bbox 1070 3399 1222 3494; x_wconf 83' lang='lat' dir='ltr'><strong>paginis,</strong></span> <span class='ocrx_word' id='word_1_151' title='bbox 1246 3395 1418 3485; x_wconf 89' lang='lat' dir='ltr'><strong>ostendit,</strong></span> 
     </span>
     <span class='ocr_line' id='line_1_23' title="bbox 284 3533 1421 3629; baseline -0.005 -26"><span class='ocrx_word' id='word_1_152' title='bbox 284 3535 323 3604; x_wconf 90' lang='lat' dir='ltr'><strong>id</strong></span> <span class='ocrx_word' id='word_1_153' title='bbox 348 3535 631 3628; x_wconf 82' lang='lat' dir='ltr'><strong>elegantissime,</strong></span> <span class='ocrx_word' id='word_1_154' title='bbox 660 3546 698 3607; x_wconf 92' lang='lat' dir='ltr'><strong>et</strong></span> <span class='ocrx_word' id='word_1_155' title='bbox 720 3534 954 3627; x_wconf 84' lang='lat' dir='ltr'><strong>ita&#39;quidem,</strong></span> <span class='ocrx_word' id='word_1_156' title='bbox 981 3544 1023 3602; x_wconf 91' lang='lat' dir='ltr'><strong>ut</strong></span> <span class='ocrx_word' id='word_1_157' title='bbox 1040 3535 1119 3629; x_wconf 90' lang='lat' dir='ltr'><strong>ipso</strong></span> <span class='ocrx_word' id='word_1_158' title='bbox 1144 3533 1318 3627; x_wconf 82' lang='lat' dir='ltr'><strong>adspectu</strong></span> <span class='ocrx_word' id='word_1_159' title='bbox 1338 3552 1421 3603; x_wconf 89' lang='lat' dir='ltr'><strong>eeu-</strong></span> 
     </span>
     <span class='ocr_line' id='line_1_24' title="bbox 286 3667 840 3763; baseline 0.011 -29"><span class='ocrx_word' id='word_1_160' title='bbox 286 3667 313 3734; x_wconf 94' lang='lat' dir='ltr'><strong>li</strong></span> <span class='ocrx_word' id='word_1_161' title='bbox 339 3669 580 3760; x_wconf 87' lang='lat' dir='ltr'><strong>oblectentur,</strong></span> <span class='ocrx_word' id='word_1_162' title='bbox 607 3669 689 3739; x_wconf 89' lang='lat' dir='ltr'><strong>lieri</strong></span> <span class='ocrx_word' id='word_1_163' title='bbox 712 3690 840 3763; x_wconf 85' lang='lat' dir='ltr'><strong>posse..</strong></span> 
     </span>
    </p>

    <p class='ocr_par' dir='ltr' id='par_1_6' title="bbox 289 3793 1430 4564">
     <span class='ocr_line' id='line_1_25' title="bbox 319 3793 1424 3903; baseline -0.009 -33"><span class='ocrx_word' id='word_1_164' title='bbox 319 3900 320 3903; x_wconf 8' lang='grc' dir='ltr'><strong>Ἴ</strong></span> <span class='ocrx_word' id='word_1_165' title='bbox 385 3802 463 3871; x_wconf 87' lang='lat' dir='ltr'><strong>lam</strong></span> <span class='ocrx_word' id='word_1_166' title='bbox 488 3803 642 3876; x_wconf 83' lang='lat' dir='ltr'><strong>devenio</strong></span> <span class='ocrx_word' id='word_1_167' title='bbox 666 3804 713 3871; x_wconf 89' lang='lat' dir='ltr'><strong>ad</strong></span> <span class='ocrx_word' id='word_1_168' title='bbox 737 3814 900 3874; x_wconf 88' lang='lat' dir='ltr'><strong>nostram</strong></span> <span class='ocrx_word' id='word_1_169' title='bbox 924 3798 1109 3871; x_wconf 88' lang='lat' dir='ltr'><strong>scribendi</strong></span> <span class='ocrx_word' id='word_1_170' title='bbox 1134 3794 1308 3871; x_wconf 86' lang='lat' dir='ltr'><strong>voeabula</strong></span> <span class='ocrx_word' id='word_1_171' title='bbox 1333 3793 1424 3862; x_wconf 89' lang='lat' dir='ltr'><strong>San-</strong></span> 
     </span>
     <span class='ocr_line' id='line_1_26' title="bbox 289 3925 1426 4032; baseline -0.006 -29"><span class='ocrx_word' id='word_1_172' title='bbox 289 3935 399 4003; x_wconf 88' lang='lat' dir='ltr'><strong>scrita</strong></span> <span class='ocrx_word' id='word_1_173' title='bbox 424 3938 622 4032; x_wconf 86' lang='lat' dir='ltr'><strong>rationem,</strong></span> <span class='ocrx_word' id='word_1_174' title='bbox 657 3961 750 4032; x_wconf 89' lang='lat' dir='ltr'><strong>quae</strong></span> <span class='ocrx_word' id='word_1_175' title='bbox 779 3939 818 4006; x_wconf 93' lang='lat' dir='ltr'><strong>in</strong></span> <span class='ocrx_word' id='word_1_176' title='bbox 846 3935 968 4032; x_wconf 86' lang='lat' dir='ltr'><strong>omnia</strong></span> <span class='ocrx_word' id='word_1_177' title='bbox 1000 3933 1145 4008; x_wconf 81' lang='lat' dir='ltr'><strong>diversa</strong></span> <span class='ocrx_word' id='word_1_178' title='bbox 1170 3931 1248 4000; x_wconf 89' lang='lat' dir='ltr'><strong>abit</strong></span> <span class='ocrx_word' id='word_1_179' title='bbox 1271 3929 1317 3997; x_wconf 90' lang='lat' dir='ltr'><strong>ab</strong></span> <span class='ocrx_word' id='word_1_180' title='bbox 1342 3925 1426 3996; x_wconf 91' lang='lat' dir='ltr'><strong>edi·</strong></span> 
     </span>
     <span class='ocr_line' id='line_1_27' title="bbox 291 4058 1427 4162; baseline -0.006 -27"><span class='ocrx_word' id='word_1_181' title='bbox 291 4069 389 4138; x_wconf 87' lang='lat' dir='ltr'><strong>tione</strong></span> <span class='ocrx_word' id='word_1_182' title='bbox 424 4069 648 4140; x_wconf 89' lang='lat' dir='ltr'><strong>Calcuttensi</strong></span> <span class='ocrx_word' id='word_1_183' title='bbox 680 4063 1032 4162; x_wconf 79' lang='lat' dir='ltr'><strong>Blragavad-Gltae,</strong></span> <span class='ocrx_word' id='word_1_184' title='bbox 1065 4076 1346 4157; x_wconf 87' lang='lat' dir='ltr'><strong>ceterorumque</strong></span> <span class='ocrx_word' id='word_1_185' title='bbox 1374 4058 1427 4128; x_wconf 90' lang='lat' dir='ltr'><strong>li-</strong></span> 
     </span>
     <span class='ocr_line' id='line_1_28' title="bbox 293 4196 1429 4295; baseline -0.006 -26"><span class='ocrx_word' id='word_1_186' title='bbox 293 4199 458 4293; x_wconf 87' lang='lat' dir='ltr'><strong>brorum,</strong></span> <span class='ocrx_word' id='word_1_187' title='bbox 488 4203 550 4295; x_wconf 91' lang='lat' dir='ltr'><strong>qui</strong></span> <span class='ocrx_word' id='word_1_188' title='bbox 574 4225 664 4272; x_wconf 87' lang='lat' dir='ltr'><strong>cura</strong></span> <span class='ocrx_word' id='word_1_189' title='bbox 687 4202 957 4274; x_wconf 89' lang='lat' dir='ltr'><strong>Brachmanum</strong></span> <span class='ocrx_word' id='word_1_190' title='bbox 980 4201 1172 4270; x_wconf 88' lang='lat' dir='ltr'><strong>doctorum</strong></span> <span class='ocrx_word' id='word_1_191' title='bbox 1193 4196 1330 4268; x_wconf 88' lang='lat' dir='ltr'><strong>ibidem</strong></span> <span class='ocrx_word' id='word_1_192' title='bbox 1344 4214 1429 4288; x_wconf 85' lang='lat' dir='ltr'><strong>pro·</strong></span> 
     </span>
     <span class='ocr_line' id='line_1_29' title="bbox 294 4324 1428 4427; baseline -0.009 -23"><span class='ocrx_word' id='word_1_193' title='bbox 294 4336 408 4406; x_wconf 91' lang='lat' dir='ltr'><strong>diere.</strong></span> <span class='ocrx_word' id='word_1_194' title='bbox 457 4335 542 4406; x_wconf 91' lang='lat' dir='ltr'><strong>Non</strong></span> <span class='ocrx_word' id='word_1_195' title='bbox 567 4345 690 4408; x_wconf 89' lang='lat' dir='ltr'><strong>tamen</strong></span> <span class='ocrx_word' id='word_1_196' title='bbox 715 4338 753 4408; x_wconf 92' lang='lat' dir='ltr'><strong>in</strong></span> <span class='ocrx_word' id='word_1_197' title='bbox 784 4347 887 4409; x_wconf 84' lang='lat' dir='ltr'><strong>textu</strong></span> <span class='ocrx_word' id='word_1_198' title='bbox 918 4336 986 4406; x_wconf 89' lang='lat' dir='ltr'><strong>hae</strong></span> <span class='ocrx_word' id='word_1_199' title='bbox 1017 4357 1063 4405; x_wconf 82' lang='lat' dir='ltr'><strong>ex</strong></span> <span class='ocrx_word' id='word_1_200' title='bbox 1095 4343 1199 4427; x_wconf 90' lang='lat' dir='ltr'><strong>parte</strong></span> <span class='ocrx_word' id='word_1_201' title='bbox 1225 4324 1428 4402; x_wconf 89' lang='lat' dir='ltr'><strong>ordinando</strong></span> 
     </span>
     <span class='ocr_line' id='line_1_30' title="bbox 295 4470 1430 4564; baseline -0.011 -26"><span class='ocrx_word' id='word_1_202' title='bbox 295 4470 449 4540; x_wconf 88' lang='lat' dir='ltr'><strong>arbitrio</strong></span> <span class='ocrx_word' id='word_1_203' title='bbox 475 4497 557 4542; x_wconf 87' lang='lat' dir='ltr'><strong>mco</strong></span> <span class='ocrx_word' id='word_1_204' title='bbox 591 4471 744 4543; x_wconf 89' lang='lat' dir='ltr'><strong>licenter</strong></span> <span class='ocrx_word' id='word_1_205' title='bbox 769 4471 922 4560; x_wconf 89' lang='lat' dir='ltr'><strong>indulsi,</strong></span> <span class='ocrx_word' id='word_1_206' title='bbox 959 4470 1025 4543; x_wconf 89' lang='lat' dir='ltr'><strong>sed</strong></span> <span class='ocrx_word' id='word_1_207' title='bbox 1048 4477 1220 4564; x_wconf 87' lang='lat' dir='ltr'><strong>sequutus</strong></span> <span class='ocrx_word' id='word_1_208' title='bbox 1245 4488 1324 4536; x_wconf 89' lang='lat' dir='ltr'><strong>sum</strong></span> <span class='ocrx_word' id='word_1_209' title='bbox 1350 4472 1430 4529; x_wconf 90' lang='lat' dir='ltr'><strong>turn</strong></span> 
     </span>
    </p>
   </div>
   <div class='ocr_carea' id='block_1_5' title="bbox 299 4595 1429 4701">
    <p class='ocr_par' dir='ltr' id='par_1_7' title="bbox 299 4595 1429 4701">
     <span class='ocr_line' id='line_1_31' title="bbox 299 4595 1429 4701; baseline -0.004 -26"><span class='ocrx_word' id='word_1_210' title='bbox 299 4605 507 4701; x_wconf 83' lang='lat' dir='ltr'><strong>exemplum</strong></span> <span class='ocrx_word' id='word_1_211' title='bbox 543 4607 710 4684; x_wconf 82' lang='lat' dir='ltr'><strong>virorum</strong></span> <span class='ocrx_word' id='word_1_212' title='bbox 744 4608 957 4700; x_wconf 85' lang='lat' dir='ltr'><strong>doctorum,</strong></span> <span class='ocrx_word' id='word_1_213' title='bbox 999 4605 1062 4701; x_wconf 89' lang='lat' dir='ltr'><strong>qui</strong></span> <span class='ocrx_word' id='word_1_214' title='bbox 1092 4604 1280 4698; x_wconf 80' lang='lat' dir='ltr'><strong>lineaeque</strong></span> <span class='ocrx_word' id='word_1_215' title='bbox 1313 4595 1429 4666; x_wconf 80' lang='lat' dir='ltr'><strong>libr0³</strong></span> 
     </span>
    </p>
   </div>
   <div class='ocr_carea' id='block_1_6' title="bbox 0 0 1739 5264">
    <p class='ocr_par' dir='ltr' id='par_1_8' title="bbox 0 0 1739 5264">
     <span class='ocr_line' id='line_1_32' title="bbox 0 0 1739 5264; baseline 0 0"><span class='ocrx_word' id='word_1_216' title='bbox 0 0 1739 5264; x_wconf 95' lang='lat' dir='ltr'><strong> </strong></span> 
     </span>
    </p>
   </div>
  </div>
 </body>
</html>
