3398 5264
702 546 942 616 Pnnurnrro
1303 560 1389 615 xvu

254 741 373 802 actum
398 739 474 821 est,
502 729 600 823 quod
625 730 789 818 librarii,
817 729 862 798 ad
888 728 998 799 finem
1024 728 1161 798 laboris
1184 727 1241 798 sui
1261 728 1394 823 prope-

254 874 454 958 perantes,
493 863 671 933 eiusmodi
707 875 912 933 commenta
945 886 1019 931 non
1054 873 1240 932 curarunt
1293 864 1424 955 Quid¹

254 997 402 1088 attinet,
432 1019 588 1092 quaese,
617 997 757 1066 litteras
777 995 985 1083 cumulare,
1014 1018 1106 1088 quae
1132 1015 1200 1066 nec
1225 996 1394 1067 distincte

252 1130 508 1224 pronuntiari,
536 1153 655 1222 neque
680 1130 807 1197 auditu
833 1128 972 1221 percipi
997 1138 1170 1219 possunt,
1196 1152 1266 1199 nec
1292 1130 1394 1200 deni-

254 1285 322 1356 que
348 1263 393 1331 ad
419 1262 656 1356 quantitatem
674 1262 915 1331 definiendam
934 1261 1131 1354 quidquam
1154 1261 1298 1352 valent,
1326 1285 1394 1334 ra-

252 1395 389 1462 tionem
416 1399 507 1465 vero
533 1394 811 1487 etymologicam
836 1393 945 1486 plane
969 1393 1122 1462 turhant
1151 1404 1262 1487 atque
1288 1417 1394 1466 ever-

228 1522 360 1595 'tuntl
411 1527 711 1619 Quotiescunque
743 1525 910 1618 pluribus
939 1525 1057 1593 modis
1090 1524 1253 1595 scribere
1285 1525 1391 1615 licet,

253 1658 560 1754 simplicissimum
595 1658 881 1754 praeterendum
919 1681 997 1727 esse
1034 1659 1214 1728 existimo.
1267 1659 1395 1751 Quare
1490 1742 1491 1746 Ἰ

254 1793 346 1864 citra
370 1795 621 1864 necessitatem
646 1793 845 1888 geminatas
866 1792 1004 1863 litteras
1022 1792 1174 1864 exulare
1193 1793 1280 1863 iussi
1292 1846 1303 1885 ,
1333 1818 1394 1868 eae

256 1939 406 2020 contra,
433 1952 526 2023 quae
551 1939 650 1998 certa
673 1927 829 2023 quadam
851 1926 1045 1999 derivandi
1065 1925 1193 2021 regula
1210 1929 1391 2018 nituntur,

255 2073 420 2132 accurate
452 2063 678 2134 conservavi.
729 2061 799 2132 Ex.
835 2081 888 2153 gr.
923 2061 1044 2129 minus
1078 2071 1178 2129 recte
1220 2061 1395 2133 scribitur

254 2197 443 2314 Ξὲηξῐῌ
462 2199 569 2288 RH,
605 2195 726 2288 qualia
760 2194 892 2287 passim
930 2203 1055 2262 tamen
1083 2191 1122 2258 in
1151 2191 1256 2261 libris
1287 2191 1399 2274 editis

255 2321 444 2414 leguntur,
482 2347 551 2416 pro
582 2330 681 2451 §ff
707 2329 788 2414 fffi
815 2330 897 2417 fffl
921 2322 1030 2392 etsie
1052 2344 1181 2415 porro.
1362 2347 1365 2356 ·

356 2454 469 2524 Haud
504 2456 727 2526 mediocrem
758 2454 804 2523 ad
836 2454 1134 2548 perspicuitatem
1166 2454 1242 2528 vim
1280 2454 1395 2528 habet

257 2588 462 2683 aphaeresis
485 2589 625 2682 signum
652 2576 755 2719 (a),
782 2601 1004 2684 quapropter
1022 2589 1158 2685 ubique
1171 2586 1254 2661 loco
1272 2613 1339 2662 suo
1357 2590 1397 2662 id

261 2724 421 2816 apposui.
454 2722 617 2792 Librarii
643 2725 739 2795 istud
756 2725 974 2820 plerumque
996 2723 1207 2817 negligunt,
1235 2723 1411 2824 editores*

261 2853 507 2925 Oalcuttenses
532 2877 608 2923 non
636 2876 719 2923 raro
744 2868 892 2944 notam,
929 2858 1038 2927 toties
1063 2857 1108 2926 ab
1134 2857 1220 2950 ipsis
1247 2882 1395 2951 quoque

259 2983 486 3075 neglectam,
524 2984 644 3054 alieno
669 2984 752 3058 loco
778 2998 987 3076 apponunt,
1025 3011 1081 3057 ex.
1107 3011 1161 3080 gr.
1186 2998 1229 3056 ut
1253 2989 1402 3080 signifi·

259 3127 361 3206 cent,
380 3116 538 3184 litteram
556 3120 599 3210 ἧῘ
614 3117 672 3191 uel
697 3124 757 3210 ΞΠ
784 3116 886 3190 initio
910 3118 1080 3192 vocabuli
1103 3142 1186 3190 cum
1213 3121 1339 3192 eadem
1359 3123 1400 3193 in

259 3249 330 3321 sme
354 3251 602 3344 praecedentis
627 3252 664 3321 in
690 3251 867 3343 singulam
893 3251 1110 3347 productam
1132 3278 1209 3323 esse
1231 3265 1397 3326 contrar-

261 3394 345 3453 tam.
374 3383 479 3454 Haec
500 3386 651 3455 omnino
676 3399 822 3456 nonest
847 3388 1067 3480 aphaeresis,
1090 3388 1152 3457 sed
1167 3389 1401 3484 synaloephe.

358 3515 500 3588 Verum
526 3519 572 3586 de
598 3518 860 3611 orthographia
878 3520 993 3589 fusius
1011 3522 1050 3590 in
1069 3523 1305 3613 grammatica
1325 3523 1398 3593 dis·

263 3660 391 3742 putare
418 3652 611 3744 oportebit.
662 3651 916 3723 Vehementer
946 3666 1066 3723 autem
1092 3664 1148 3722 est
1174 3626 1395 3746 optandum,

264 3794 305 3852 ut
322 3783 392 3856 riri
412 3783 508 3853 docti
533 3783 695 3852 dehisce
715 3756 878 3854 minutiis
897 3787 994 3854 inter
1014 3766 1053 3856 se
1072 3787 1299 3856 consentiant·
1311 3839 1322 3877 ‚
1349 3810 1398 3858 ne

265 3899 406 4007 lector,
435 3918 573 4010 quoties
592 3941 729 3989 novum
752 3918 888 3990 librum
909 3920 1134 3989 Sauscritum
1154 3921 1308 4010 adierit,
1336 3921 1399 3989 ‹ti-

265 4072 374 4121 rerso
394 4051 575 4122 scribendi
591 4052 685 4122 mori
703 4054 918 4125 adsuescere
936 4066 1097 4147 cogatur.
1156 4053 1214 4125 De
1232 4052 1400 4148 plurimis

266 4185 361 4253 inter
385 4207 447 4254 eos
474 4185 547 4253 iam
571 4189 765 4258 convenire
793 4189 926 4279 vide03
952 4189 998 4258 de
1019 4188 1170 4282 reliquis
1196 4211 1303 4280 spero
1325 4211 1401 4258 non

266 4318 373 4385 nimis
395 4317 531 4388 acriter
555 4318 790 4415 disceptatum
819 4323 890 4397 irie
928 4321 1020 4391 nihil
1051 4323 1149 4392 enim
1173 4322 1286 4413 magis
1321 4319 1401 4426 dis·

266 4451 376 4544 plicet
419 4455 588 4547 castigato
632 4457 859 4527 eruditorum
908 4455 1192 4550 Europaeorum
1223 4453 1399 4545 iudicio,

268 4610 374 4680 quam
401 4588 534 4660 otiosae
560 4592 729 4684 argutiae.

1117 4686 1139 4760 b
