<?xml version="1.0" encoding="UTF-8"?>
<!DOCTYPE html PUBLIC "-//W3C//DTD XHTML 1.0 Transitional//EN"
    "http://www.w3.org/TR/xhtml1/DTD/xhtml1-transitional.dtd">
<html xmlns="http://www.w3.org/1999/xhtml" xml:lang="en" lang="en">
 <head>
  <title>
</title>
<meta http-equiv="Content-Type" content="text/html;charset=utf-8" />
  <meta name='ocr-system' content='tesseract 3.04.00' />
  <meta name='ocr-capabilities' content='ocr_page ocr_carea ocr_par ocr_line ocrx_word'/>
</head>
<body>
  <div class='ocr_page' id='page_1' title='image "bhagavadgitaide00schlgoog_0017.png"; bbox 0 0 3398 5264; ppageno 0'>
   <div class='ocr_carea' id='block_1_1' title="bbox 559 1540 1240 1669">
    <p class='ocr_par' dir='ltr' id='par_1_1' title="bbox 559 1540 1240 1669">
     <span class='ocr_line' id='line_1_1' title="bbox 559 1540 1240 1669; baseline -0.007 0"><span class='ocrx_word' id='word_1_1' title='bbox 559 1580 1135 1669; x_wconf 78' lang='lat' dir='ltr'><strong>rnaunarro.</strong></span> <span class='ocrx_word' id='word_1_2' title='bbox 1238 1540 1240 1543; x_wconf 74' lang='grc'><strong>’</strong></span> 
     </span>
    </p>
   </div>
   <div class='ocr_carea' id='block_1_2' title="bbox 709 1839 1018 1856">
    <p class='ocr_par' dir='ltr' id='par_1_2' title="bbox 709 1839 1018 1856">
     <span class='ocr_line' id='line_1_2' title="bbox 709 1839 1018 1856; baseline -0.003 0"><span class='ocrx_word' id='word_1_3' title='bbox 709 1839 1018 1856; x_wconf 58' lang='lat' dir='ltr'><strong>m</strong></span> 
     </span>
    </p>
   </div>
   <div class='ocr_carea' id='block_1_3' title="bbox 260 2196 1428 4441">
    <p class='ocr_par' dir='ltr' id='par_1_3' title="bbox 260 2196 1428 4441">
     <span class='ocr_line' id='line_1_3' title="bbox 285 2196 1418 2318; baseline -0.005 -18"><span class='ocrx_word' id='word_1_4' title='bbox 285 2196 422 2318; x_wconf 77' lang='lat' dir='ltr'><strong>Quum</strong></span> <span class='ocrx_word' id='word_1_5' title='bbox 448 2234 557 2303; x_wconf 91' lang='lat' dir='ltr'><strong>tertio</strong></span> <span class='ocrx_word' id='word_1_6' title='bbox 584 2232 714 2303; x_wconf 83' lang='lat' dir='ltr'>abhinc</span> <span class='ocrx_word' id='word_1_7' title='bbox 746 2253 843 2301; x_wconf 90' lang='lat' dir='ltr'><strong>anna</strong></span> <span class='ocrx_word' id='word_1_8' title='bbox 869 2231 1038 2300; x_wconf 87' lang='lat' dir='ltr'><strong>Lutetiae</strong></span> <span class='ocrx_word' id='word_1_9' title='bbox 1066 2228 1293 2299; x_wconf 80' lang='lat' dir='ltr'><strong>Parisiorum</strong></span> <span class='ocrx_word' id='word_1_10' title='bbox 1321 2247 1418 2296; x_wconf 89' lang='lat' dir='ltr'><strong>com-</strong></span> 
     </span>
     <span class='ocr_line' id='line_1_4' title="bbox 284 2358 1419 2456; baseline -0.004 -25"><span class='ocrx_word' id='word_1_11' title='bbox 284 2386 451 2434; x_wconf 85' lang='lat' dir='ltr'>morarer</span> <span class='ocrx_word' id='word_1_12' title='bbox 471 2375 623 2456; x_wconf 88' lang='lat' dir='ltr'><strong>propter</strong></span> <span class='ocrx_word' id='word_1_13' title='bbox 641 2385 772 2432; x_wconf 87' lang='lat' dir='ltr'><strong>munus</strong></span> <span class='ocrx_word' id='word_1_14' title='bbox 797 2362 888 2430; x_wconf 87' lang='lat' dir='ltr'><strong>milri</strong></span> <span class='ocrx_word' id='word_1_15' title='bbox 909 2362 1180 2443; x_wconf 85' lang='lat' dir='ltr'><strong>demandatum,</strong></span> <span class='ocrx_word' id='word_1_16' title='bbox 1200 2369 1243 2427; x_wconf 86' lang='lat' dir='ltr'><strong>ut</strong></span> <span class='ocrx_word' id='word_1_17' title='bbox 1265 2358 1303 2428; x_wconf 89' lang='lat' dir='ltr'><strong>in</strong></span> <span class='ocrx_word' id='word_1_18' title='bbox 1320 2360 1419 2449; x_wconf 91' lang='lat' dir='ltr'><strong>prin-</strong></span> 
     </span>
     <span class='ocr_line' id='line_1_5' title="bbox 285 2485 1419 2588; baseline -0.004 -27"><span class='ocrx_word' id='word_1_19' title='bbox 285 2497 363 2586; x_wconf 86' lang='lat' dir='ltr'><strong>cipa</strong></span> <span class='ocrx_word' id='word_1_20' title='bbox 388 2496 476 2563; x_wconf 84' lang='lat' dir='ltr'><strong>artis</strong></span> <span class='ocrx_word' id='word_1_21' title='bbox 501 2495 780 2588; x_wconf 76' lang='lat' dir='ltr'><strong>typographicae</strong></span> <span class='ocrx_word' id='word_1_22' title='bbox 819 2494 904 2562; x_wconf 86' lang='lat' dir='ltr'><strong>sede</strong></span> <span class='ocrx_word' id='word_1_23' title='bbox 936 2502 1040 2587; x_wconf 82' lang='lat' dir='ltr'><strong>typos</strong></span> <span class='ocrx_word' id='word_1_24' title='bbox 1065 2492 1270 2560; x_wconf 85' lang='lat' dir='ltr'><strong>litterarum</strong></span> <span class='ocrx_word' id='word_1_25' title='bbox 1295 2485 1419 2562; x_wconf 64' lang='lat' dir='ltr'><strong>Diva·</strong></span> 
     </span>
     <span class='ocr_line' id='line_1_6' title="bbox 285 2623 1420 2719; baseline -0.004 -24"><span class='ocrx_word' id='word_1_26' title='bbox 285 2629 534 2719; x_wconf 77' lang='lat' dir='ltr'><strong>nogaricnrnm</strong></span> <span class='ocrx_word' id='word_1_27' title='bbox 548 2628 750 2718; x_wconf 84' lang='lat' dir='ltr'><strong>caelandas,</strong></span> <span class='ocrx_word' id='word_1_28' title='bbox 764 2625 964 2715; x_wconf 83' lang='lat' dir='ltr'><strong>seriundos,</strong></span> <span class='ocrx_word' id='word_1_29' title='bbox 989 2623 1127 2694; x_wconf 83' lang='lat' dir='ltr'><strong>ssandos</strong></span> <span class='ocrx_word' id='word_1_30' title='bbox 1139 2645 1323 2712; x_wconf 80' lang='lat' dir='ltr'>curarem,</span> <span class='ocrx_word' id='word_1_31' title='bbox 1342 2623 1420 2717; x_wconf 83' lang='lat' dir='ltr'><strong>qui-</strong></span> 
     </span>
     <span class='ocr_line' id='line_1_7' title="bbox 285 2756 1419 2851; baseline -0.005 -20"><span class='ocrx_word' id='word_1_32' title='bbox 285 2762 350 2831; x_wconf 88' lang='lat' dir='ltr'><strong>bus</strong></span> <span class='ocrx_word' id='word_1_33' title='bbox 373 2760 486 2851; x_wconf 79' lang='lat' dir='ltr'><strong>Regia</strong></span> <span class='ocrx_word' id='word_1_34' title='bbox 508 2759 754 2830; x_wconf 87' lang='lat' dir='ltr'><strong>munificentia</strong></span> <span class='ocrx_word' id='word_1_35' title='bbox 772 2759 1004 2831; x_wconf 84' lang='lat' dir='ltr'><strong>Academiam</strong></span> <span class='ocrx_word' id='word_1_36' title='bbox 1019 2769 1182 2828; x_wconf 86' lang='lat' dir='ltr'><strong>nostram</strong></span> <span class='ocrx_word' id='word_1_37' title='bbox 1203 2756 1419 2827; x_wconf 82' lang='lat' dir='ltr'><strong>Rhenanam</strong></span> 
     </span>
     <span class='ocr_line' id='line_1_8' title="bbox 283 2889 1419 2985; baseline -0.003 -26"><span class='ocrx_word' id='word_1_38' title='bbox 283 2892 425 2962; x_wconf 85' lang='lat' dir='ltr'><strong>ditavit:</strong></span> <span class='ocrx_word' id='word_1_39' title='bbox 440 2890 561 2959; x_wconf 84' lang='lat' dir='ltr'><strong>statim</strong></span> <span class='ocrx_word' id='word_1_40' title='bbox 577 2892 985 2985; x_wconf 66' lang='lat' dir='ltr'><strong>circumspicerc‘coepi,</strong></span> <span class='ocrx_word' id='word_1_41' title='bbox 1005 2891 1175 2983; x_wconf 83' lang='lat' dir='ltr'><strong>quidnam</strong></span> <span class='ocrx_word' id='word_1_42' title='bbox 1193 2889 1419 2982; x_wconf 88' lang='lat' dir='ltr'><strong>potissimum</strong></span> 
     </span>
     <span class='ocr_line' id='line_1_9' title="bbox 282 3019 1420 3115; baseline -0.002 -25"><span class='ocrx_word' id='word_1_43' title='bbox 282 3020 380 3090; x_wconf 88' lang='lat' dir='ltr'><strong>hisce</strong></span> <span class='ocrx_word' id='word_1_44' title='bbox 405 3021 499 3114; x_wconf 84' lang='lat' dir='ltr'><strong>typis</strong></span> <span class='ocrx_word' id='word_1_45' title='bbox 516 3044 688 3091; x_wconf 83' lang='lat' dir='ltr'><strong>excusum</strong></span> <span class='ocrx_word' id='word_1_46' title='bbox 714 3021 850 3115; x_wconf 88' lang='lat' dir='ltr'><strong>publici</strong></span> <span class='ocrx_word' id='word_1_47' title='bbox 875 3019 1150 3096; x_wconf 78' lang='lat' dir='ltr'><strong>iurisfacerem.</strong></span> <span class='ocrx_word' id='word_1_48' title='bbox 1200 3021 1420 3112; x_wconf 83' lang='lat' dir='ltr'><strong>Eligendnm</strong></span> 
     </span>
     <span class='ocr_line' id='line_1_10' title="bbox 284 3143 1420 3248; baseline -0.001 -25"><span class='ocrx_word' id='word_1_49' title='bbox 284 3164 362 3223; x_wconf 88' lang='lat' dir='ltr'><strong>crat</strong></span> <span class='ocrx_word' id='word_1_50' title='bbox 385 3153 522 3248; x_wconf 89' lang='lat' dir='ltr'><strong>aliquid</strong></span> <span class='ocrx_word' id='word_1_51' title='bbox 535 3143 609 3224; x_wconf 83' lang='lat' dir='ltr'><strong>noa</strong></span> <span class='ocrx_word' id='word_1_52' title='bbox 623 3154 757 3225; x_wconf 91' lang='lat' dir='ltr'><strong>nimiae</strong></span> <span class='ocrx_word' id='word_1_53' title='bbox 774 3154 896 3246; x_wconf 87' lang='lat' dir='ltr'><strong>molis,</strong></span> <span class='ocrx_word' id='word_1_54' title='bbox 914 3176 960 3224; x_wconf 91' lang='lat' dir='ltr'><strong>ne</strong></span> <span class='ocrx_word' id='word_1_55' title='bbox 972 3177 1077 3224; x_wconf 91' lang='lat' dir='ltr'><strong>mora</strong></span> <span class='ocrx_word' id='word_1_56' title='bbox 1097 3154 1328 3224; x_wconf 89' lang='lat' dir='ltr'><strong>diuturniore</strong></span> <span class='ocrx_word' id='word_1_57' title='bbox 1339 3175 1420 3223; x_wconf 92' lang='lat' dir='ltr'><strong>eru-</strong></span> 
     </span>
     <span class='ocr_line' id='line_1_11' title="bbox 285 3286 1418 3382; baseline -0.002 -26"><span class='ocrx_word' id='word_1_58' title='bbox 285 3287 444 3358; x_wconf 91' lang='lat' dir='ltr'><strong>ditorum</strong></span> <span class='ocrx_word' id='word_1_59' title='bbox 460 3289 767 3382; x_wconf 82' lang='lat' dir='ltr'><strong>exspectationem</strong></span> <span class='ocrx_word' id='word_1_60' title='bbox 791 3287 1014 3380; x_wconf 87' lang='lat' dir='ltr'><strong>frustrarer,</strong></span> <span class='ocrx_word' id='word_1_61' title='bbox 1034 3311 1102 3360; x_wconf 91' lang='lat' dir='ltr'><strong>nec</strong></span> <span class='ocrx_word' id='word_1_62' title='bbox 1129 3288 1235 3358; x_wconf 89' lang='lat' dir='ltr'><strong>nimis</strong></span> <span class='ocrx_word' id='word_1_63' title='bbox 1257 3286 1418 3376; x_wconf 85' lang='lat' dir='ltr'><strong>difficile,</strong></span> 
     </span>
     <span class='ocr_line' id='line_1_12' title="bbox 260 3419 1422 3514; baseline -0.004 -23"><span class='ocrx_word' id='word_1_64' title='bbox 260 3447 266 3460; x_wconf 75' lang='grc'><em>’</em></span> <span class='ocrx_word' id='word_1_65' title='bbox 286 3433 325 3491; x_wconf 85' lang='lat' dir='ltr'><strong>ut</strong></span> <span class='ocrx_word' id='word_1_66' title='bbox 343 3424 380 3492; x_wconf 91' lang='lat' dir='ltr'><strong>in</strong></span> <span class='ocrx_word' id='word_1_67' title='bbox 398 3433 497 3491; x_wconf 91' lang='lat' dir='ltr'><strong>tanta</strong></span> <span class='ocrx_word' id='word_1_68' title='bbox 514 3423 693 3491; x_wconf 89' lang='lat' dir='ltr'><strong>librorum</strong></span> <span class='ocrx_word' id='word_1_69' title='bbox 712 3422 849 3514; x_wconf 90' lang='lat' dir='ltr'><strong>inopia,</strong></span> <span class='ocrx_word' id='word_1_70' title='bbox 870 3421 1054 3493; x_wconf 82' lang='lat' dir='ltr'><strong>venalium</strong></span> <span class='ocrx_word' id='word_1_71' title='bbox 1071 3421 1197 3513; x_wconf 88' lang='lat' dir='ltr'><strong>utique</strong></span> <span class='ocrx_word' id='word_1_72' title='bbox 1216 3444 1257 3488; x_wconf 88' lang='lat' dir='ltr'><strong>ac</strong></span> <span class='ocrx_word' id='word_1_73' title='bbox 1277 3419 1422 3487; x_wconf 91' lang='lat' dir='ltr'><strong>modico</strong></span> 
     </span>
     <span class='ocr_line' id='line_1_13' title="bbox 286 3551 1423 3650; baseline -0.004 -26"><span class='ocrx_word' id='word_1_74' title='bbox 286 3557 404 3649; x_wconf 90' lang='lat' dir='ltr'><strong>pretio</strong></span> <span class='ocrx_word' id='word_1_75' title='bbox 417 3555 647 3650; x_wconf 88' lang='lat' dir='ltr'><strong>parabiliam,</strong></span> <span class='ocrx_word' id='word_1_76' title='bbox 666 3555 845 3624; x_wconf 82' lang='lat' dir='ltr'><strong>tironibus</strong></span> <span class='ocrx_word' id='word_1_77' title='bbox 861 3577 1005 3648; x_wconf 91' lang='lat' dir='ltr'><strong>quoque</strong></span> <span class='ocrx_word' id='word_1_78' title='bbox 1021 3552 1259 3623; x_wconf 87' lang='lat' dir='ltr'><strong>consulerem.</strong></span> <span class='ocrx_word' id='word_1_79' title='bbox 1290 3551 1423 3644; x_wconf 83' lang='lat' dir='ltr'><strong>Magna</strong></span> 
     </span>
     <span class='ocr_line' id='line_1_14' title="bbox 288 3683 1423 3782; baseline -0.005 -22"><span class='ocrx_word' id='word_1_80' title='bbox 288 3715 370 3761; x_wconf 85' lang='lat' dir='ltr'><strong>sane</strong></span> <span class='ocrx_word' id='word_1_81' title='bbox 397 3689 617 3760; x_wconf 90' lang='lat' dir='ltr'><strong>ineditorum</strong></span> <span class='ocrx_word' id='word_1_82' title='bbox 643 3688 749 3782; x_wconf 90' lang='lat' dir='ltr'><strong>copia</strong></span> <span class='ocrx_word' id='word_1_83' title='bbox 774 3699 919 3782; x_wconf 90' lang='lat' dir='ltr'><strong>praesto</strong></span> <span class='ocrx_word' id='word_1_84' title='bbox 945 3686 1035 3757; x_wconf 91' lang='lat' dir='ltr'><strong>mihi</strong></span> <span class='ocrx_word' id='word_1_85' title='bbox 1054 3695 1134 3756; x_wconf 81' lang='lat' dir='ltr'><strong>erat</strong></span> <span class='ocrx_word' id='word_1_86' title='bbox 1158 3687 1196 3756; x_wconf 94' lang='lat' dir='ltr'><strong>in</strong></span> <span class='ocrx_word' id='word_1_87' title='bbox 1221 3683 1423 3755; x_wconf 78' lang='lat' dir='ltr'><strong>Bibliothe-</strong></span> 
     </span>
     <span class='ocr_line' id='line_1_15' title="bbox 286 3817 1424 3913; baseline -0.006 -21"><span class='ocrx_word' id='word_1_88' title='bbox 286 3847 329 3892; x_wconf 87' lang='lat' dir='ltr'><strong>ca</strong></span> <span class='ocrx_word' id='word_1_89' title='bbox 354 3823 528 3892; x_wconf 84' lang='lat' dir='ltr'><strong>Franciac</strong></span> <span class='ocrx_word' id='word_1_90' title='bbox 554 3822 663 3913; x_wconf 86' lang='lat' dir='ltr'><strong>Regis</strong></span> <span class='ocrx_word' id='word_1_91' title='bbox 675 3846 687 3912; x_wconf 81' lang='lat'>3</span> <span class='ocrx_word' id='word_1_92' title='bbox 706 3821 771 3891; x_wconf 83' lang='lat' dir='ltr'><strong>sed</strong></span> <span class='ocrx_word' id='word_1_93' title='bbox 796 3845 869 3889; x_wconf 93' lang='lat' dir='ltr'><strong>non</strong></span> <span class='ocrx_word' id='word_1_94' title='bbox 889 3841 1109 3913; x_wconf 83' lang='lat' dir='ltr'><strong>magnopere</strong></span> <span class='ocrx_word' id='word_1_95' title='bbox 1136 3818 1334 3887; x_wconf 86' lang='lat' dir='ltr'><strong>allectabar</strong></span> <span class='ocrx_word' id='word_1_96' title='bbox 1356 3817 1424 3885; x_wconf 85' lang='lat' dir='ltr'><strong>trac</strong></span> 
     </span>
     <span class='ocr_line' id='line_1_16' title="bbox 288 3950 1423 4045; baseline -0.002 -25"><span class='ocrx_word' id='word_1_97' title='bbox 288 3953 454 4045; x_wconf 83' lang='lat' dir='ltr'><strong>gloriola,</strong></span> <span class='ocrx_word' id='word_1_98' title='bbox 483 3963 525 4021; x_wconf 89' lang='lat' dir='ltr'><strong>ut</strong></span> <span class='ocrx_word' id='word_1_99' title='bbox 548 3950 687 4044; x_wconf 85' lang='lat' dir='ltr'><strong>primus</strong></span> <span class='ocrx_word' id='word_1_100' title='bbox 712 3951 849 4045; x_wconf 87' lang='lat' dir='ltr'><strong>aliquid</strong></span> <span class='ocrx_word' id='word_1_101' title='bbox 875 3951 962 4022; x_wconf 84' lang='lat' dir='ltr'><strong>novi</strong></span> <span class='ocrx_word' id='word_1_102' title='bbox 992 3950 1028 4020; x_wconf 90' lang='lat' dir='ltr'><strong>in</strong></span> <span class='ocrx_word' id='word_1_103' title='bbox 1055 3951 1173 4020; x_wconf 89' lang='lat' dir='ltr'><strong>lucem</strong></span> <span class='ocrx_word' id='word_1_104' title='bbox 1199 3950 1423 4041; x_wconf 80' lang='lat' dir='ltr'><strong>protraxisse</strong></span> 
     </span>
     <span class='ocr_line' id='line_1_17' title="bbox 288 4083 1423 4178; baseline -0.002 -23"><span class='ocrx_word' id='word_1_105' title='bbox 288 4087 453 4155; x_wconf 87' lang='lat' dir='ltr'><strong>dicerer:</strong></span> <span class='ocrx_word' id='word_1_106' title='bbox 485 4084 679 4178; x_wconf 88' lang='lat' dir='ltr'><strong>siquidem,</strong></span> <span class='ocrx_word' id='word_1_107' title='bbox 712 4097 889 4178; x_wconf 87' lang='lat' dir='ltr'><strong>quantum</strong></span> <span class='ocrx_word' id='word_1_108' title='bbox 915 4085 1084 4177; x_wconf 88' lang='lat' dir='ltr'><strong>equidem</strong></span> <span class='ocrx_word' id='word_1_109' title='bbox 1116 4083 1278 4152; x_wconf 89' lang='lat' dir='ltr'><strong>iudicare</strong></span> <span class='ocrx_word' id='word_1_110' title='bbox 1304 4083 1423 4172; x_wconf 78' lang='lat' dir='ltr'><strong>valeo,</strong></span> 
     </span>
     <span class='ocr_line' id='line_1_18' title="bbox 290 4214 1428 4309; baseline 0.003 -26"><span class='ocrx_word' id='word_1_111' title='bbox 290 4217 483 4308; x_wconf 84' lang='lat' dir='ltr'><strong>pleraeque</strong></span> <span class='ocrx_word' id='word_1_112' title='bbox 508 4214 689 4284; x_wconf 88' lang='lat' dir='ltr'><strong>librorum</strong></span> <span class='ocrx_word' id='word_1_113' title='bbox 711 4217 980 4286; x_wconf 85' lang='lat' dir='ltr'><strong>Sanscritorum</strong></span> <span class='ocrx_word' id='word_1_114' title='bbox 1006 4215 1199 4305; x_wconf 74' lang='lat' dir='ltr'><strong>editiones,</strong></span> <span class='ocrx_word' id='word_1_115' title='bbox 1222 4238 1314 4309; x_wconf 87' lang='lat' dir='ltr'><strong>quae</strong></span> <span class='ocrx_word' id='word_1_116' title='bbox 1339 4217 1428 4286; x_wconf 89' lang='lat' dir='ltr'><strong>huc·</strong></span> 
     </span>
     <span class='ocr_line' id='line_1_19' title="bbox 290 4344 1428 4441; baseline 0.003 -27"><span class='ocrx_word' id='word_1_117' title='bbox 290 4370 404 4439; x_wconf 85' lang='lat' dir='ltr'><strong>usque</strong></span> <span class='ocrx_word' id='word_1_118' title='bbox 428 4344 624 4438; x_wconf 87' lang='lat' dir='ltr'><strong>prodiere,</strong></span> <span class='ocrx_word' id='word_1_119' title='bbox 661 4347 713 4417; x_wconf 91' lang='lat' dir='ltr'><strong>ita</strong></span> <span class='ocrx_word' id='word_1_120' title='bbox 736 4361 820 4418; x_wconf 82' lang='lat' dir='ltr'><strong>cunt</strong></span> <span class='ocrx_word' id='word_1_121' title='bbox 844 4360 1095 4439; x_wconf 70' lang='lat' dir='ltr'><strong>comparatae,</strong></span> <span class='ocrx_word' id='word_1_122' title='bbox 1131 4358 1174 4416; x_wconf 89' lang='lat' dir='ltr'><strong>ut</strong></span> <span class='ocrx_word' id='word_1_123' title='bbox 1198 4349 1283 4415; x_wconf 83' lang='lat' dir='ltr'><strong>satis</strong></span> <span class='ocrx_word' id='word_1_124' title='bbox 1310 4348 1428 4441; x_wconf 87' lang='lat' dir='ltr'><strong>ampla</strong></span> 
     </span>
    </p>
   </div>
   <div class='ocr_carea' id='block_1_4' title="bbox 289 4479 1431 4709">
    <p class='ocr_par' dir='ltr' id='par_1_4' title="bbox 289 4479 1431 4709">
     <span class='ocr_line' id='line_1_20' title="bbox 289 4479 1431 4574; baseline 0.001 -26"><span class='ocrx_word' id='word_1_125' title='bbox 289 4495 364 4548; x_wconf 85' lang='lat' dir='ltr'><strong>tum</strong></span> <span class='ocrx_word' id='word_1_126' title='bbox 399 4479 526 4548; x_wconf 88' lang='lat' dir='ltr'><strong>critico</strong></span> <span class='ocrx_word' id='word_1_127' title='bbox 561 4481 740 4573; x_wconf 86' lang='lat' dir='ltr'><strong>acumini,</strong></span> <span class='ocrx_word' id='word_1_128' title='bbox 777 4493 853 4551; x_wconf 90' lang='lat' dir='ltr'><strong>tnm</strong></span> <span class='ocrx_word' id='word_1_129' title='bbox 880 4480 1006 4549; x_wconf 84' lang='lat' dir='ltr'><strong>solerti</strong></span> <span class='ocrx_word' id='word_1_130' title='bbox 1032 4480 1242 4574; x_wconf 70' lang='lat' dir='ltr'><strong>interpretis</strong></span> <span class='ocrx_word' id='word_1_131' title='bbox 1269 4479 1431 4574; x_wconf 81' lang='lat' dir='ltr'><strong>diligen-</strong></span> 
     </span>
     <span class='ocr_line' id='line_1_21' title="bbox 290 4614 1430 4709; baseline 0.004 -25"><span class='ocrx_word' id='word_1_132' title='bbox 290 4616 360 4685; x_wconf 87' lang='lat' dir='ltr'><strong>tiae</strong></span> <span class='ocrx_word' id='word_1_133' title='bbox 388 4617 539 4686; x_wconf 90' lang='lat' dir='ltr'><strong>matcria</strong></span> <span class='ocrx_word' id='word_1_134' title='bbox 568 4615 693 4686; x_wconf 88' lang='lat' dir='ltr'><strong>relicta</strong></span> <span class='ocrx_word' id='word_1_135' title='bbox 729 4615 785 4687; x_wconf 84' lang='lat' dir='ltr'><strong>sit.</strong></span> <span class='ocrx_word' id='word_1_136' title='bbox 839 4615 1014 4687; x_wconf 81' lang='lat' dir='ltr'><strong>Converti</strong></span> <span class='ocrx_word' id='word_1_137' title='bbox 1048 4614 1159 4709; x_wconf 80' lang='lat' dir='ltr'><strong>igitar</strong></span> <span class='ocrx_word' id='word_1_138' title='bbox 1193 4616 1430 4689; x_wconf 82' lang='lat' dir='ltr'><strong>animemed</strong></span> 
     </span>
    </p>
   </div>
   <div class='ocr_carea' id='block_1_5' title="bbox 0 0 1717 5264">
    <p class='ocr_par' dir='ltr' id='par_1_5' title="bbox 0 0 1717 5264">
     <span class='ocr_line' id='line_1_22' title="bbox 0 0 1717 5264; baseline 0 0"><span class='ocrx_word' id='word_1_139' title='bbox 0 0 1717 5264; x_wconf 95' lang='lat' dir='ltr'><strong> </strong></span> 
     </span>
    </p>
   </div>
  </div>
 </body>
</html>
