3398 5264
286 650 366 701 vnr
759 629 1005 701 Pusarsrro.

288 836 438 884 carmen
456 812 762 907 philosophicum,
783 810 842 880 cui
862 811 987 880 titulus
1008 823 1062 879 est
1083 811 1421 902 Blsognuad-Gs'hi,

287 969 360 1040 quo
385 949 449 1019 vix
474 945 574 1016 aliud
597 945 712 1016 ullum
735 944 933 1039 sapientiae
958 955 996 1014 et
1012 942 1210 1013 sanctitatis
1230 944 1336 1017 lande
1357 970 1424 1038 per

287 1092 404 1152 totum
435 1078 577 1150 Indiam
608 1078 825 1150 celebratius
859 1088 985 1149 exstat.
1044 1076 1135 1147 Eius
1169 1089 1424 1170 argumentum

288 1213 472 1303 omnibus,
500 1214 563 1307 qui
585 1211 837 1307 philosophiae
861 1210 1064 1301 historiam,
1091 1236 1166 1282 non
1190 1212 1308 1282 solnm
1327 1211 1424 1306 opud

287 1342 469 1436 Graecos,
504 1348 569 1416 sed
601 1346 712 1416 etiam
736 1346 831 1440 apud
865 1347 1031 1440 antiquos
1056 1342 1166 1416 Asiae
1191 1346 1344 1439 populos
1370 1349 1423 1415 iu·

288 1477 466 1569 vestigare
499 1498 632 1572 operae
666 1479 823 1573 pretium
854 1478 1010 1567 ducunt,
1044 1477 1182 1548 dudum
1214 1479 1424 1548 innotuerat

288 1608 444 1700 eleganti
468 1611 768 1702 interpretatione
799 1609 949 1703 Angliea
978 1610 1050 1684 riri
1075 1611 1264 1681 clarissimi
1293 1609 1424 1680 Caeruli

291 1739 469 1833 ll’ilkins,
495 1765 587 1836 quae
612 1765 707 1816 anno
732 1742 844 1814 seculi
874 1743 1040 1838 proxime
1065 1743 1176 1837 elapsi
1202 1744 1423 1837 octogesimo

289 1877 417 1970 quinto
449 1876 614 1971 prodiit3
649 1879 714 1946 sed
739 1888 780 1946 ut
804 1878 873 1970 ipsi
897 1878 990 1950 ratis
1025 1877 1138 1950 divini
1165 1879 1278 1950 verbu
1300 1877 1424 1968 legere

287 2021 450 2105 possent,
465 2009 502 2079 id
512 2010 634 2104 paucis
646 2010 840 2080 admodum
862 2010 949 2084 viris
972 2011 1087 2080 doctis
1107 2010 1205 2081 inter
1226 2020 1422 2099 nostrates,

287 2141 502 2238 Europaeos
527 2146 629 2236 dico,
657 2145 845 2237 obtigerat.
906 2144 1037 2216 Editus
1072 2144 1218 2240 quidem
1244 2156 1299 2215 ost
1325 2120 1451 2214 Bha·¹

286 2275 536 2372 garad-Gitae
561 2289 684 2349 textus
709 2279 909 2368 Calenttae,
929 2302 1025 2349 anno
1049 2303 1157 2351 aerae
1182 2301 1204 2348 a
1229 2277 1423 2351 Vikramd-

286 2409 388 2505 ditya
413 2407 532 2479 dictae
562 2411 670 2498 1865,
697 2410 760 2504 qai
785 2409 912 2479 incidit
936 2413 974 2479 in
999 2409 1091 2481 Aa.
1122 2414 1237 2503 18085
1268 2412 1333 2480 aad
1360 2433 1423 2479 ne·

285 2541 363 2614 ecio
381 2565 461 2638 'quo
487 2566 584 2635 casu,
604 2543 790 2638 plerisque
814 2542 967 2613 sortasse
993 2542 1261 2637 exemplaribus
1287 2566 1353 2635 per
1369 2545 1424 2634 ip·

285 2698 362 2747 sam
387 2674 531 2746 Indiam
564 2675 778 2766 divenditis,
815 2689 898 2768 post
930 2700 1064 2769 paucos
1101 2699 1215 2744 annos
1241 2673 1425 2742 rarissima

284 2809 376 2879 haee
404 2808 516 2878 editio
544 2820 599 2877 est
632 2807 739 2877 sacta.
765 2806 862 2876 Mihi
887 2810 1034 2900 quidem
1060 2804 1188 2875 sedulo
1214 2804 1423 2895 anquirenti

285 2940 463 3035 quidquid
495 2939 677 3010 librorum
711 2939 981 3009 Suasoritorum
1015 2937 1155 3031 uspiam
1185 2937 1279 3029 typis
1305 2957 1422 3004 ercu-

284 3097 365 3143 sum
389 3070 471 3161 luit,
495 3071 593 3142 hunc
617 3071 752 3141 librum
779 3070 1011 3164 comparandi
1039 3094 1225 3165 nunquam
1251 3092 1329 3139 sisso
1365 3092 1421 3136 oc·

284 3205 382 3278 casio
410 3206 562 3296 obtulit,
606 3229 672 3276 nec
697 3216 838 3299 prostat
862 3205 893 3274 is
917 3204 1026 3274 hodio
1052 3205 1211 3275 londini
1237 3203 1334 3297 apssd
1360 3199 1423 3270 bi-

285 3339 464 3435 hliopolus
489 3340 680 3409 Socictutis
706 3351 951 3410 mercatorum
977 3339 1014 3407 in
1039 3338 1180 3409 Indiam
1206 3336 1422 3408 orientalem

283 3472 587 3558 commeantium,
620 3472 815 3539 instructos
850 3493 913 3539 eoa
940 3471 1102 3563 alioquin
1128 3470 1346 3564 amplissima
1372 3466 1423 3535 li-

284 3608 436 3676 brorum
470 3601 712 3674 Asiaticorum
738 3602 854 3696 copia.
905 3600 991 3671 Hoc
1025 3604 1149 3697 ipsum
1170 3601 1422 3696 exemplar,e

282 3761 356 3835 quo
374 3749 514 3810 textum
529 3738 732 3829 castigatius
746 3735 1023 3832 exprimendum
1035 3737 1174 3826 curavi,
1186 3734 1304 3806 debeo
1319 3734 1424 3808 savo-

284 3875 317 3945 ri
342 3874 413 3946 siri
438 3873 529 3945 mihi
554 3870 775 3960 amicissimi,
789 3884 827 3941 et
842 3870 1051 3966 disciplinae
1077 3869 1341 3942 Bruhmanicae
1358 3893 1423 3963 ap.

282 4010 400 4101 prime
427 4005 594 4097 studiosi,
614 4006 652 4076 0.
669 4004 835 4075 Fauriel.
867 4006 982 4098 Spero
1007 4005 1132 4098 igitur,
1155 4028 1213 4075 me
1233 4003 1328 4073 hand
1344 4004 1421 4070 inn-

283 4143 384 4214 tilem
411 4165 562 4236 operam
575 4141 773 4212 collocasse
792 4142 829 4213 in
854 4142 953 4210 aditu
974 4142 1137 4236 parando
1156 4137 1253 4210 sacili
1277 4137 1322 4205 ad
1343 4160 1422 4204 cur-

282 4303 368 4352 men
390 4279 530 4349 editum
555 4277 653 4365 licet,
672 4299 741 4369 pro
766 4277 867 4370 quasi
891 4276 1029 4345 inedito
1054 4288 1174 4344 tamen
1199 4272 1421 4343 habendum.

383 4411 461 4481 Iam
488 4409 627 4504 aliquot
651 4410 755 4477 annis
781 4420 868 4477 unte
899 4431 1006 4501 quam
1039 4407 1110 4477 hoc
1135 4408 1328 4477 consilium
1353 4427 1420 4474 ce·

282 4548 430 4639 pissem,
458 4544 602 4637 priores
634 4538 983 4634 Bbagavad-Gitue
1019 4540 1191 4609 lectiones
1224 4562 1245 4609 e
1278 4537 1420 4609 codici·

284 4677 350 4746 bus
383 4675 579 4746 Parisiacis
619 4674 656 4743 in
691 4697 796 4746 usum
830 4696 953 4744 meum
988 4674 1260 4767 descripseram.
1312 4667 1420 4741 Nune
