3398 5264
717 545 963 613 Pnnnrluio.
1337 560 1413 609 xm
1464 548 1466 552 ’
1523 630 1527 640 Ι

279 720 443 794 carminis
468 725 524 793 sui
546 733 742 814 tenorem;
770 725 1055 818 quotiescunque
1079 744 1170 794 vero
1195 722 1325 813 spiritu
1351 722 1412 815 lya

277 858 352 925 rico
374 855 479 924 altius
502 857 682 948 exsurgit,
711 856 782 924 alia
812 857 967 948 quadam
995 854 1235 925 distichorum
1266 854 1410 945 specie,

277 1010 431 1080 quorum
456 987 588 1080 singuli
610 1013 733 1060 versus
759 989 888 1081 viginti
915 989 1055 1057 duabus
1080 985 1228 1080 syllabis
1257 987 1413 1060 conclu-

277 1121 422 1193 duntur.
448 1121 561 1195 Cuius
576 1122 685 1191 matri
703 1145 851 1213 nomen,
882 1118 1157 1216 quodtradam,
1177 1145 1252 1192 non
1272 1121 1414 1214 habeo.;

278 1255 421 1332 schema
443 1279 657 1350 proponam.

296 1441 331 1473 U

294 1497 457 1537 „-U„
494 1497 614 1535 —UU

298 1624 332 1656 υ

296 1670 459 1705 κ-Ή-
495 1671 614 1708 —VU

375 1886 443 1956 Est
469 1897 506 1956 ct
530 1885 599 1954 hoc
623 1886 728 1954 mixti
753 1886 915 1976 generis:
953 1882 1102 1951 ultimus
1128 1903 1189 1986 pes
1216 1888 1412 1970 quaterno,-

281 2044 361 2091 rum
386 2021 634 2088 membrorum
660 2018 757 2085 inter
773 2041 812 2086 se
827 2015 1035 2109 aequalium
1054 2035 1199 2104 semper
1219 2010 1316 2078 idom
1341 2019 1416 2096 est3

285 2162 425 2220 ceterae
456 2150 559 2218 sedes
590 2148 784 2226 nonnullos
817 2149 907 2217 alios
941 2147 1052 2248 pedes
1078 2143 1297 2240 admittunt,
1321 2139 1418 2216 hunc

284 2282 363 2353 sore
388 2285 427 2353 in
452 2283 622 2356 modum:

377 3117 482 3188 Haec
517 3117 699 3187 hactenus.
774 3118 880 3207 Quae
923 3140 968 3186 eo
1002 3115 1228 3208 potissimum
1267 3120 1419 3190 consilio

282 3251 431 3347 protuli,
458 3260 499 3320 ut
523 3250 681 3319 certiora
705 3248 892 3319 edocerer.
944 3249 1092 3320 Etenim
1106 3250 1334 3323 versificandi
1361 3272 1420 3318 ra»

283 3387 336 3453 tio
368 3386 516 3454 uroximi
542 3393 596 3453 est
627 3384 666 3452 in
693 3406 732 3453 re
756 3382 885 3453 critica
910 3384 1096 3452 momenti.
1149 3382 1272 3453 Metro
1306 3384 1418 3454 vitia-

284 3530 323 3588 to
346 3528 509 3610 suspecta
533 3517 574 3586 lit
598 3516 727 3608 lectio;
755 3517 820 3585 sed
845 3527 1004 3585 metrum
1030 3514 1238 3588 claudicare
1264 3537 1339 3582 non
1361 3524 1415 3580 tu·

285 3661 325 3720 to
354 3651 593 3743 pronuntiare¹
616 3672 825 3742 possumus,
859 3647 929 3717 nisi
955 3647 1051 3740 leges
1078 3646 1246 3718 metricas
1271 3645 1416 3740 penitus
1504 3706 1508 3713 .

289 3784 492 3877 exploratas
518 3785 727 3855 habeamus.

384 3917 426 3986 In
453 3918 750 4007 interpretatione
770 3939 849 3983 mea
866 3913 1195 4004 Blragavad-Gltae
1223 3915 1417 3981 elaboran-

285 4050 331 4116 ‹la
356 4049 692 4140 interpretationem
731 4047 917 4140 Anglicam
942 4046 986 4117 V.
1011 4046 1067 4117 Cl.
1099 4047 1227 4117 Caroli
1257 4047 1420 4116 Willrins

285 4204 413 4271 rnogno
440 4179 529 4249 milii
555 4180 761 4249 adiumento
786 4179 912 4268 fuisse,
932 4202 1005 4249 non
1026 4179 1225 4253 modonon
1241 4179 1416 4262 diffiteor,

284 4313 346 4379 sed
372 4312 470 4382 ultro
494 4323 670 4404 gratoque
695 4311 817 4380 animo
844 4311 885 4386 iu
907 4333 1073 4401 agnosco.
1134 4310 1328 4381 Nonnullis
1354 4322 1417 4379 ta-

283 4466 367 4510 men
395 4442 432 4510 in
457 4442 546 4511 locis
580 4445 625 4512 ab
659 4443 892 4512 antecessoris
920 4443 990 4513 mei
1026 4443 1183 4536 vestigiis
1217 4444 1414 4511 abscedes.

285 4578 369 4653 dum
396 4602 472 4648 esso
500 4577 694 4649 arbitratus
725 4602 825 4653 auru:
861 4578 956 4672 quod
990 4589 1114 4653 utrum
1141 4588 1237 4648 recte
1265 4575 1412 4647 securint
