3398 5264
279 630 385 682 xxiv
751 615 996 685 Pasararso.

276 817 372 864 nunc
396 817 435 863 se
463 817 520 864 res
541 794 673 882 habat,
702 793 835 866 alicubi
864 818 969 866 more
996 793 1251 864 Romanorum
1278 793 1416 864 conlu-

276 925 445 1019 giondum
472 936 527 993 est
551 925 596 992 ad
612 925 981 1015 Graeca3interdum
1003 923 1238 996 Latinitatem
1268 936 1414 1016 patrum

277 1057 451 1128 ecclcsiae
474 1057 511 1125 in
538 1056 711 1125 auxilium
738 1057 958 1130 vocabimus.
1012 1056 1081 1126 Est
1101 1080 1187 1126 eane
1212 1058 1415 1125 incommo-

277 1191 325 1260 da
348 1186 483 1282 duplex
506 1187 596 1259 haec
620 1187 764 1282 linguae
804 1185 936 1260 Latina
960 1188 1095 1283 inopia,
1122 1188 1186 1259 scd
1206 1211 1416 1284 compensa„

276 1334 339 1392 tur
362 1321 526 1415 reliquis,
552 1343 641 1415 quas
665 1344 775 1417 supra
799 1323 964 1417 exposui,
992 1321 1198 1397 virtutibus.

375 1451 495 1526 Video
519 1453 727 1543 nonnullos,
753 1478 835 1524 curn
860 1455 899 1525 in
917 1454 1084 1527 notiones
1110 1452 1334 1549 philosophis
1353 1452 1413 1527 lm

270 1577 368 1689 'dicis
396 1586 597 1692 peculiares
621 1588 805 1678 incidunt,
833 1612 854 1658 a
878 1612 986 1660 sensu
1011 1599 1138 1660 nostro
1164 1588 1256 1660 adeo
1282 1611 1412 1659 ramo·

256 1733 347 1811 ·tas,
374 1732 415 1791 ut
438 1723 501 1793 rix
524 1720 641 1792 ullum
664 1721 879 1794 vocabulum
904 1722 1009 1794 nobis
1044 1722 1217 1794 usitatum
1241 1722 1286 1793 iis
1310 1721 1417 1818 plane

281 1840 511 1950 respondeat,
532 1858 649 1949 ipsum
676 1855 893 1928 vocabulum
924 1858 1148 1927 Sanscritum
1173 1858 1211 1928 in
1237 1858 1417 1949 interpre-

282 1988 458 2060 tationem
483 2013 585 2067 suam
613 1987 751 2059 inferre
775 1988 906 2060 solere.
957 1978 1084 2085 Atqui,
1104 2013 1151 2060 ax
1170 2015 1252 2061 mea
1268 1990 1416 2086 quidam
1480 1981 1485 1991 ’

279 2120 475 2212 sententia,
502 2121 573 2193 hoc
603 2144 679 2194 non
709 2133 764 2195 est
795 2147 817 2195 a
849 2124 1043 2218 peregrino
1086 2147 1254 2197 sermono
1278 2127 1316 2196 in
1344 2149 1416 2195 no·

279 2266 395 2325 strum
422 2268 653 2343 convertere,
679 2258 743 2327 sed
768 2256 860 2327 nihil
884 2256 982 2327 aliud
1023 2281 1131 2351 quam
1164 2259 1281 2331 rerba
1323 2257 1422 2326 San-

282 2387 394 2457 scrita
417 2384 548 2455 litteris
572 2385 713 2457 Latinis
736 2388 910 2457 scribere.
948 2387 1049 2479 Ergo
1074 2400 1223 2458 conatus
1240 2413 1320 2459 sum
1347 2412 1422 2458 om·

281 2520 344 2591 nia
368 2519 502 2588 Latina
526 2513 670 2607 lacere,
698 2530 736 2588 et
760 2519 949 2589 notionum
977 2542 1124 2613 quoque
1149 2518 1422 2611 philosophica-

283 2675 367 2723 rum
395 2673 520 2724 reram
545 2652 619 2723 rim
655 2663 692 2721 et
716 2650 876 2722 indolem
909 2653 1138 2746 exprimere,
1176 2662 1351 2743 quatenus
1383 2651 1423 2720 id

286 2786 363 2854 sine
387 2782 503 2875 longis
528 2782 725 2854 verborum
749 2784 959 2877 ambagibus
997 2781 1078 2851 lieri
1102 2794 1234 2875 posset.
1285 2781 1357 2852 Sed
1382 2782 1422 2852 in

286 2914 592 2985 reconditioribus
623 2936 681 2984 me
712 2935 857 3007 semper
888 2913 1018 3007 po‘e'taa
1044 2922 1205 2983 mentem
1232 2925 1331 2982 recte
1357 2913 1420 2982 di-

285 3045 440 3135 vinasse,
467 3043 654 3116 affirmare
676 3068 751 3115 non
776 3045 903 3115 ausim.

385 3175 582 3270 Omnino,
629 3178 765 3250 diserta
795 3175 867 3250 hoo
898 3175 1076 3269 declaro,
1116 3202 1164 3249 no
1206 3178 1419 3275 cuiusquam

286 3315 589 3409 exspectationem
625 3312 774 3385 fallam:
809 3315 847 3385 in
879 3315 943 3404 iis,
986 3337 1078 3407 quaa
1110 3312 1298 3407 hucusque
1328 3336 1420 3407 per-

284 3445 379 3538 feci,
408 3447 633 3517 criticam'et
663 3448 932 3540 grammaticam
963 3444 1313 3540 Bhagarad-Gituo
1353 3468 1421 3515 ra-

285 3582 425 3653 tionem
453 3581 505 3652 sic
537 3580 623 3650 satis
658 3582 857 3676 expediisse
883 3581 973 3651 mihi
1004 3581 1158 3672 videor,
1194 3579 1420 3675 philosophi-

287 3740 366 3787 cam
398 3714 561 3787 nondum
594 3717 708 3809 attigi.
757 3715 909 3789 Altioris
938 3739 982 3786 ea
1013 3726 1069 3787 eat
1092 3715 1283 3807 indaginis,
1311 3737 1421 3808 quam

287 3874 381 3948 quaa
417 3851 454 3922 in
478 3851 668 3945 procinctu
706 3861 745 3921 et
776 3873 889 3944 opera
912 3849 1151 3922 tumultuaria
1178 3850 1272 3919 tradi
1296 3849 1419 3941 possit.

289 3982 515 4077 Explicanda
549 3997 604 4055 est
628 3986 799 4059 univorsa
817 3985 946 4079 poiitae
976 3986 1024 4056 de
1050 3985 1160 4054 rebus
1186 3983 1320 4055 divinis
1352 3982 1420 4051 hu-

289 4119 478 4212 manisque
512 4118 699 4210 doctrina3
737 4116 973 4212 explicandus
1005 4139 1118 4210 porro
1154 4139 1268 4187 nexus
1300 4115 1420 4205 singu·

288 4248 408 4321 larum
441 4252 704 4321 sententiarum
728 4274 811 4321 cum
835 4250 985 4345 primis,
1016 4274 1108 4343 quae
1140 4249 1268 4342 ponit,
1302 4245 1419 4338 philo·

288 4383 436 4474 sophiae
468 4405 555 4451 suae
589 4383 865 4474 fundamentis,
903 4385 941 4452 in
980 4406 1053 4476 qua
1089 4405 1202 4475 opera
1235 4380 1419 4452 neminem

289 4509 447 4581 feliciter
478 4525 705 4583 versaturum
740 4537 816 4583 essa
854 4525 972 4607 puto,
1011 4515 1079 4583 nisi
1113 4514 1214 4607 prius
1248 4510 1419 4580 meliores

289 4641 335 4712 do
357 4641 427 4712 hoc
459 4646 621 4716 carmine
653 4647 806 4740 scriptos
835 4648 1137 4738 commentarios,
1170 4645 1232 4739 qui
1269 4641 1419 4736 plurimi
