3398 5264
349 633 453 690 xrur
797 607 1044 689 Pnaannrro.

450 791 492 864 lu
512 791 805 862 adnotationibus
826 789 960 859 criticis
978 789 1121 881 saepius
1135 792 1331 880 provocavi
1347 792 1392 861 ad
1415 814 1493 862 me·

350 939 474 1019 trum;
501 924 695 996 dicendum
725 923 836 1016 igitur
858 934 913 993 est
937 919 1077 1015 aliquid
1098 920 1145 993 de
1167 945 1208 992 re
1230 924 1381 994 metrica
1403 948 1491 995 car-

351 1064 459 1136 minis
479 1062 608 1134 nostri.
659 1058 881 1130 Dubitanter
905 1057 950 1125 ad
976 1057 1047 1125 ltoc
1075 1079 1133 1126 me
1158 1059 1325 1150 accingo,
1354 1061 1391 1128 in
1418 1084 1491 1156 quo

352 1197 494 1270 nullum
511 1195 621 1266 alium
642 1195 770 1264 ducem
786 1214 920 1286 sequor
937 1214 1043 1286 quam
1062 1192 1356 1264 observationem
1372 1219 1493 1266 nicam

353 1355 439 1406 usus
463 1328 605 1424 poie'tici.
640 1325 757 1397 Multa
775 1349 861 1395 sane
880 1325 1067 1395 recondita
1080 1324 1222 1417 proten
1243 1325 1290 1397 V.
1303 1327 1360 1397 Cl.
1373 1328 1427 1399 II.
1450 1328 1492 1400 Τ.

357 1459 582 1536 cotosmor«
607 1460 643 1528 in
670 1459 921 1530 dissertatione
945 1481 1010 1527 sua
1035 1457 1080 1527 de
1101 1456 1211 1527 Poest
1238 1461 1423 1531 Sunscrita
1456 1475 1494 1532 ct

354 1597 536 1685 Pracrita,
554 1593 748 1687 praecipue
774 1591 819 1660 de
836 1588 1031 1661 artificioso
1049 1591 1118 1661 isto
1135 1590 1364 1664 versificandi
1386 1617 1496 1686 gene·

354 1711 411 1822 re,
432 1741 512 1800 tum
537 1728 576 1798 in
601 1724 780 1797 inlinitum
805 1726 958 1814 variato,
985 1734 1064 1792 tum
1089 1727 1327 1796 severissimis
1353 1727 1494 1821 legibus

354 1863 542 1951 adstricto,
569 1859 669 1955 quod
696 1869 825 1952 poetae
855 1858 1013 1927 seriores
1042 1855 1246 1927 coluerunt.
1297 1858 1356 1930 Da
1383 1859 1494 1931 Sicco

355 2005 476 2067 autem
490 2047 502 2085 ,
534 2003 654 2065 metro
679 1988 946 2083 simplicissimo
972 1997 1023 2078 et,
1050 2000 1092 2058 ut
1114 1989 1284 2080 videtur,
1312 1992 1496 2087 antiquis-

352 2130 468 2219 simo,
506 2126 605 2223 quod
634 2148 703 2220 per
735 2147 880 2194 ornnem
906 2120 1032 2216 po'e'siu
1060 2121 1200 2217 epicam
1227 2134 1264 2193 et
1288 2124 1493 2215 guomicam

353 2261 533 2333 Indorum
564 2258 638 2328 late
668 2257 901 2343 dominatur,
936 2256 1085 2326 brevior
1115 2268 1191 2345 est,
1219 2280 1328 2350 quam
1343 2257 1492 2348 vellem,

354 2391 443 2492 (Aa.
470 2391 564 2461 Ilus.
589 2390 646 2461 ed.
673 2387 792 2461 Lond.
821 2385 907 2462 Vol.
922 2384 982 2470 X,
1012 2410 1047 2482 p.
1064 2389 1135 2472 438
1149 2438 1160 2476 ,
1189 2385 1289 2485 439)
1312 2399 1351 2460 et
1375 2387 1496 2463 fateor

355 2548 416 2599 me
440 2524 582 2617 regulae
608 2523 654 2593 ab
680 2546 725 2592 eo
751 2520 904 2591 traditas
929 2542 1003 2591 non
1028 2519 1113 2589 satis
1138 2523 1291 2615 assequi.
1336 2521 1496 2596 Veniam

354 2657 448 2734 mihi
469 2659 608 2729 dabunt
632 2655 836 2746 doctiores,
875 2653 906 2724 si
939 2654 1058 2748 prima
1082 2653 1264 2726 elementa
1286 2657 1411 2751 paucis
1437 2680 1499 2730 re·

355 2805 589 2884 tractavero,
631 2791 804 2887 quoniam
836 2811 881 2859 aa
914 2788 1118 2860 arctissimo
1150 2784 1297 2861 rinculo
1329 2815 1413 2861 cum
1450 2792 1497 2864 iis

355 2949 452 3000 nexa
482 2938 588 3017 sunt,
621 2948 716 3020 quae
754 2922 917 2995 nondum
951 2920 1039 2989 satis
1067 2918 1265 2990 dilucidata
1287 2920 1379 2993 mihi
1418 2946 1498 2997 esse

357 3061 540 3137 videntur.

454 3188 681 3284 Quantitatis
715 3186 813 3279 leges
838 3184 983 3278 linguae
1007 3184 1212 3258 Senseritee
1243 3209 1326 3259 cum
1352 3188 1498 3263 Graeca

356 3339 441 3400 sunt
458 3347 689 3398 communes:
713 3319 874 3414 syllabae
904 3331 967 3389 aut
990 3316 1121 3411 longae
1146 3333 1252 3413 aaut,
1279 3334 1342 3392 aut
1367 3324 1499 3397 brerae

355 3458 557 3533 secundum
582 3453 764 3529 vocalium
789 3462 988 3537 naturam3
1019 3450 1273 3540 producuntur
1306 3466 1500 3548 praeterea

356 3563 552 3688 positione.
604 3581 758 3655 Vocalee
785 3581 912 3671 longae
949 3602 1038 3653 vero
1072 3604 1095 3650 a
1126 3580 1300 3654 brevibus
1334 3585 1499 3656 eiusdem

357 3721 517 3797 nominis
542 3720 645 3811 signo
671 3714 848 3810 peculiari
873 3712 1008 3807 ubique
1027 3712 1322 3807 distinguuntur,
1350 3729 1392 3787 ut
1408 3718 1500 3790 adeo

358 3859 540 3952 scriptura
565 3854 642 3948 ipsa
667 3848 906 3945 quantitatem
933 3844 1149 3941 patefaciat,
1196 3874 1270 3945 quo
1306 3853 1501 3925 commodo

359 3996 483 4089 lingua
508 3990 642 4062 Latina
667 3987 817 4057 omuino
842 3995 960 4074 caret,
989 3981 1136 4053 Graeca
1161 3985 1199 4053 in
1224 3982 1357 4057 litteris
1383 3988 1499 4060 Simo·

358 4129 478 4205 uideis
503 4128 677 4196 duntaxat
699 4118 848 4191 fruitur.
891 4118 1089 4191 Positiouis
1116 4119 1265 4216 regulae
1297 4123 1500 4200 strictiores

360 4277 467 4355 aunt,
496 4284 605 4357 quam
631 4258 727 4354 apud
752 4256 917 4328 Graecos
944 4269 981 4328 et
1006 4256 1186 4350 Latinos3
1220 4282 1302 4329 nam
1329 4272 1367 4330 et
1392 4239 1501 4359 liqui·

363 4402 432 4473 dae
458 4409 496 4469 et
520 4393 773 4484 semivocales,
801 4405 839 4464 et
864 4392 1059 4505 litteraff
1090 4392 1166 4464 sive
1197 4392 1415 4486 adspiratio,
1463 4408 1501 4468 et

361 4533 512 4630 spiritus
537 4526 680 4618 finalis,
707 4550 789 4596 cum
816 4527 941 4618 quavis
956 4534 1178 4596 consonante
1201 4526 1415 4598 coniunctae
1436 4552 1500 4622 pc·

364 4666 536 4740 titionem
558 4660 720 4754 iaciunt,
752 4669 789 4731 et
812 4658 935 4732 littera
958 4661 999 4768 Q
1022 4657 1097 4731 sole
1111 4680 1231 4755 perse
1246 4660 1420 4754 syllabam
1436 4687 1499 4735 an·
