3398 5264
685 578 934 659 Pnsrrnrro.
1365 594 1408 646 xr

273 783 316 827 ne
342 783 428 829 vere
453 759 559 851 digna
588 770 673 827 sunt
705 759 804 849 visa,
840 759 877 826 in
910 754 1233 829 Adnotationibes
1264 759 1408 829 criticis

272 891 463 982 disputavi,
490 892 542 959 ita
566 902 702 979 tamen,
737 898 779 959 ut
802 889 893 959 nihil
921 911 1062 980 eorum,
1091 892 1158 958 etsi
1184 892 1327 984 potiora
1348 913 1408 959 ar·

271 1023 452 1113 bitrabar,
488 1022 527 1091 in
560 1030 703 1093 textum
733 1021 934 1108 inferrem,
972 1020 1170 1091 dummodo
1204 1021 1408 1094 tolerabilis

273 1166 365 1225 esset
389 1153 498 1224 lectio
526 1155 777 1226 Cuicuttcnsis.
1094 1135 1098 1142 Ι

367 1286 519 1358 Codices
544 1286 722 1358 Parisicci
756 1298 913 1382 quatuor
955 1296 1039 1357 sunt
1069 1310 1246 1378 numero,
1282 1311 1407 1359 omnes

272 1421 449 1490 chartacei
483 1430 519 1491 et
554 1420 737 1514 eleganter
770 1419 901 1491 litteris
936 1416 1219 1513 Divuncguricis
1253 1421 1406 1508 excreti,

272 1561 425 1647 quorum
451 1578 547 1625 nuuc
571 1554 662 1648 sigla
685 1554 889 1624 accuratius
912 1566 996 1625 sunt
1021 1554 1249 1647 exponenda,
1276 1564 1319 1622 ut
1338 1553 1410 1622 lec-

271 1699 342 1777 tor,
371 1687 634 1758 Bibliotheccm
669 1689 846 1759 Franciae
871 1686 982 1780 Regis
1007 1688 1171 1758 aditurus
1185 1740 1197 1779 ,
1223 1685 1322 1757 haud
1345 1686 1411 1755 du·

274 1820 428 1889 iiitanter
453 1843 514 1889 eos
548 1844 630 1890 cum
656 1821 836 1915 excerptis
862 1820 953 1890 meis
979 1819 1151 1891 conferre
1175 1819 1298 1915 possit.

320 1952 368 2027 A.
394 1956 432 2025 in
458 1954 632 2050 catalogo
665 1953 944 2026 Humiltoniano
972 1956 1087 2028 codd.
1105 1955 1193 2027 Mss.
1211 1952 1410 2026 Senseritc·

394 2115 476 2161 rum
502 2091 597 2161 Bibl.
623 2062 714 2185 neg.
742 2090 858 2162 Paris.
885 2089 1008 2161 locum
1041 2102 1184 2161 sextum
1208 2091 1306 2160 inter
1332 2081 1409 2157 De·
1444 2094 1449 2110 '

394 2223 630 2317 vanegaricos
658 2234 831 2319 occupet,
857 2223 1051 2316 inscriptus
1077 2223 1223 2292 chartae
1249 2218 1410 2312 octupli·-

395 2366 495 2426 catae
520 2356 559 2424 in
592 2367 841 2427 transversum
867 2354 1019 2462 positae..
1074 2353 1237 2424 Exhibet
1267 2361 1410 2421 textum

393 2483 737 2579 Bliagavad-Gitce
769 2510 851 2556 cum
880 2482 1287 2556 Srtdlzcra-cvaminis
1312 2507 1410 2553 com-

393 2618 586 2708 mentario,
613 2617 671 2689 cui
697 2616 823 2686 titulus
848 2628 904 2688 est
926 2613 1148 2743 publicetur.

324 2747 369 2826 B⁴
396 2749 433 2820 in
460 2748 635 2840 Getulogo
661 2747 939 2820 Hemiltcuicno
970 2773 1125 2820 numero
1150 2745 1224 2821 VII
1250 2761 1409 2844 notatus,

395 2880 550 2975 scriptus
576 2891 632 2950 est
654 2878 777 2949 forme
802 2882 966 2973 minime,
992 2885 1044 2952 ite
1067 2892 1108 2952 ut
1132 2884 1280 2976 quaevis
1304 2884 1412 2976 pagi-
1533 2944 1535 2952 ,

394 3035 442 3081 nc
466 3035 541 3082 non
565 3011 664 3081 ultra
688 3009 848 3106 quinque
874 3011 987 3082 lineas
1012 3015 1143 3106 capiat,
1165 3024 1313 3101 ornatus
1338 3015 1412 3106 pic-

395 3147 486 3215 turis
512 3142 727 3239 quibusdem
753 3144 921 3215 miniatis.
979 3143 1223 3239 Amplectitur
1253 3145 1411 3240 quinque

400 3279 587 3369 Gemmas,
603 3256 680 3349 ie.
707 3277 867 3373 quinque
899 3278 1061 3373 episodic
1085 3301 1105 3349 e
1132 3276 1409 3367 Malriblniruto,

397 3414 525 3506 insigni
550 3413 692 3504 pictatis
719 3411 816 3481 fama
840 3413 1039 3503 celebrata,
1066 3414 1164 3483 inter
1189 3435 1281 3507 quae
1306 3411 1412 3482 Bhe-

336 3595 339 3603 .
398 3544 645 3638 gcvcd-Gita
669 3544 871 3639 principem
897 3547 1019 3615 locum
1047 3547 1198 3616 obtinet.

329 3678 365 3752 C.
391 3680 515 3750 itidem
532 3676 650 3750 forma
665 3679 827 3769 minima,
853 3678 1088 3773 praecedenti
1112 3688 1167 3747 cst
1190 3675 1409 3763 simillimus,

321 3894 322 3897 Ἴ
399 3811 504 3885 facilc
529 3826 650 3885 tumen
677 3839 721 3885 eo
751 3814 885 3884 indicio
911 3812 1162 3905 distinguitur,
1190 3810 1288 3904 quod
1314 3809 1413 3878 13110.

398 3945 648 4041 gevcd-Gitae
680 3958 821 4017 textum
853 3947 971 4017 solum
998 3946 1172 4037 continet,
1196 3966 1264 4014 nec
1287 3943 1412 4038 pictu-

399 4081 452 4148 ris
484 4091 631 4150 ornatus
657 4091 721 4149 est.

327 4209 377 4278 D.
403 4231 476 4279 non
513 4221 724 4280 recensetur
754 4211 791 4280 in
827 4212 906 4281 Cat.
939 4209 1170 4297 Hammon,
1206 4227 1325 4299 nuper
1349 4204 1413 4273 ‹lc-

402 4363 499 4410 nrum
523 4351 640 4410 emtus
668 4365 749 4411 cum
775 4343 1024 4436 compluribus
1050 4341 1129 4410 eliis
1146 4337 1262 4408 codd.
1278 4334 1413 4406 MSctis

401 4473 593 4543 Sanscritis
622 4495 669 4543 ex
696 4473 799 4543 libris
825 4477 896 4545 viri
924 4476 968 4543 de
994 4474 1124 4544 litteris
1150 4471 1298 4559 Indicis,
1325 4489 1413 4560 ques

400 4607 431 4676 ei
456 4616 580 4702 utpote
605 4607 745 4680 homini
766 4605 915 4679 militari
933 4631 1006 4679 non
1024 4606 1094 4681 nisi
1113 4627 1180 4701 per
1196 4604 1414 4697 interpretes
