3398 5264
386 605 460 658 xvr
714 629 719 655 .
826 581 1079 651 l‘nnararro.

384 776 513 837 nantes
538 764 698 858 quinque
722 762 891 832 ordinum
916 772 979 831 aut
1002 763 1114 832 scribi
1147 772 1291 851 potest,
1332 770 1396 831 aut
1429 784 1521 832 con·

384 899 482 970 verti
508 898 545 965 in
570 894 729 964 nasalem
761 895 838 962 eius
873 893 1034 983 ordinis,
1068 916 1090 960 a
1124 913 1196 984 quo
1234 890 1427 982 excipitur.
1478 890 1520 960 ln

385 1027 606 1099 editionibus
632 1025 813 1096 librorum
840 1024 1109 1094 Sansoritorum
1125 1021 1414 1091 Calcuttensibus
1436 1045 1521 1092 con·

386 1162 544 1235 vertitur
568 1159 650 1229 sere
674 1179 819 1249 semper
836 1157 984 1250 spiritus
1009 1155 1126 1226 finalis
1148 1167 1231 1225 ante
1244 1155 1429 1226 sibilantes
1442 1206 1453 1244 ,
1482 1166 1522 1224 et

387 1303 567 1390 punctum
594 1293 880 1385 superscriptum
913 1301 996 1361 ante
1027 1301 1262 1361 consonantes
1295 1290 1444 1383 proprie
1468 1289 1521 1357 sic

387 1426 513 1497 dictas.
566 1424 677 1495 Ituna
709 1447 850 1495 morem
883 1447 1111 1519 nequaquam
1146 1435 1345 1514 agnoscunt
1377 1424 1521 1492 codices

387 1560 519 1631 litteris
544 1555 823 1652 Ddrnnagaricis
848 1560 986 1629 exarati
999 1612 1011 1650 ,
1045 1568 1225 1654 quotquot
1256 1557 1346 1629 milri
1373 1557 1521 1651 quidem

388 1692 560 1768 evolvere
586 1693 737 1784 obtigit,
765 1704 824 1783 et,
859 1693 929 1765 nisi
952 1690 1064 1764 fallor
1073 1745 1084 1784 ,
1118 1717 1138 1763 e
1164 1693 1345 1787 scriptura
1369 1692 1520 1785 Bergu-

386 1827 506 1898 liceis
525 1827 671 1920 irrepsit
686 1827 723 1896 in
736 1821 1057 1920 Diranagaricam.
1083 1825 1362 1920 Repudiandum
1382 1827 1521 1916 censui,

387 1960 560 2054 quoniam
590 1981 808 2052 magnopere
840 1961 958 2029 obstat
990 1958 1210 2051 separationi
1244 1958 1522 2032 vocabulorum.

390 2089 519 2162 Habet
544 2100 582 2161 et
606 2090 676 2163 hoc
702 2091 947 2183 incommodi,
976 2093 1073 2186 qnod
1097 2103 1206 2162 notae
1231 2090 1521 2179 terminationes,

390 2223 493 2317 quasi
533 2221 643 2291 aliam
682 2222 835 2293 subinde
868 2245 1061 2317 personam
1093 2225 1309 2314 induentes,
1344 2223 1523 2294 lectorem

389 2356 508 2427 minus
533 2353 775 2425 exercitatum
800 2356 921 2448 specie
957 2355 1111 2447 quodam
1145 2379 1241 2429 nova
1274 2365 1382 2452 atque
1413 2356 1523 2425 iuco-

387 2489 487 2580 gnite
514 2485 701 2556 deludunt.
751 2486 911 2556 Peccant
941 2483 1084 2555 librarii
1117 2487 1155 2554 in
1186 2487 1370 2556 codicibus
1395 2481 1523 2563 Diva-

389 2618 571 2712 naganiois
588 2617 740 2688 alteram
757 2618 795 2688 in
813 2629 979 2712 partem,
1007 2619 1105 2714 quod
1124 2630 1258 2713 puncto
1277 2619 1524 2713 superscripto

366 2795 371 2805 ·
388 2772 458 2844 pro
478 2769 581 2818 mero
596 2749 798 2841 scripturae
821 2749 1036 2842 compendio
1061 2751 1099 2819 in
1121 2750 1200 2841 ipso
1217 2748 1435 2839 simplicium
1456 2767 1524 2818 vo-

388 2879 604 2950 cabulorum
629 2901 786 2970 corpore
819 2879 1040 2968 abutuntur,
1075 2877 1162 2949 dum
1193 2877 1360 2948 scribunt
1386 2900 1441 2946 er.
1467 2898 1522 2969 gr.

388 2980 757 3104 Ἡῇῐρτοηῆῇῐ
778 3061 789 3100 ,
812 3009 895 3080 'ubi
937 3031 980 3081 re
1013 3032 1101 3084 vcra
1132 3033 1209 3082 non
1247 3007 1432 3079 mutabilis
1469 3020 1524 3078 est

285 3128 288 3135 ’
388 3140 544 3236 nasalis,
568 3143 634 3216 sed
658 3141 827 3236 definita,
854 3165 945 3238 quae
971 3165 1156 3237 nunquam
1181 3141 1263 3215 loco
1287 3167 1355 3211 suo
1381 3143 1522 3215 nrorcri

352 3324 356 3332 -
389 3277 517 3372 possit.

488 3410 663 3504 Princeps
694 3412 973 3504 orthographiae
999 3411 1201 3482 Sanscritae
1225 3412 1289 3482 lex
1315 3422 1392 3501 est,
1428 3433 1521 3503 pro-

389 3542 652 3613 nuntiationem
677 3565 785 3635 quam
809 3541 1017 3613 fidelissime
1049 3544 1267 3638 exprimere.
1318 3543 1393 3613 Sed
1418 3541 1521 3611 luse-

389 3684 477 3742 runt
501 3674 538 3743 in
564 3696 609 3744 ea
633 3673 808 3764 Indorum
833 3675 1080 3767 grammatici,
1111 3688 1148 3746 et
1170 3678 1292 3770 inepta
1317 3698 1384 3743 sua
1407 3673 1521 3744 sedu-

387 3803 491 3875 litate
516 3806 554 3875 id
580 3805 799 3898 effecerunt,
827 3820 869 3878 ut
894 3830 995 3899 rem,
1015 3832 1084 3902 per
1108 3834 1147 3880 se
1172 3809 1441 3903 planissimam,
1469 3805 1521 3874 in-

389 3937 556 4009 tricatam
583 3952 621 4011 et
644 3939 830 4012 confusam
857 3942 1065 4013 redderent.
1103 3942 1268 4013 Sufficiat
1293 3939 1518 4034 exemplum,

390 4070 489 4163 quod
514 4071 572 4145 vir
596 4071 813 4143 clarissimus
856 4073 899 4151 Τ.
926 4075 980 4144 II.
1011 4073 1237 4147 Celebrooke
1263 4080 1300 4147 in
1318 4075 1520 4207 §ramma-

390 4204 462 4274 tica
483 4229 549 4277 sua
574 4230 609 4298 p.
638 4207 686 4277 50
712 4207 925 4299 adnotarit3
959 4206 1176 4282 vocabulum
1223 4187 1233 4203 ⁶
1298 4242 1327 4297 ,f
1391 4230 1520 4277 secun·

389 4337 476 4410 dum
510 4341 739 4434 quarundam
763 4344 1080 4436 grammaticarum
1096 4353 1289 4438 praecepta
1311 4351 1458 4410 centum
1482 4351 1520 4410 et

389 4483 472 4542 acto
497 4472 651 4550 dirersis
675 4478 793 4548 modis
817 4478 927 4548 scribi
959 4501 1077 4570 posse.
1149 4476 1254 4548 llaec
1279 4496 1405 4544 merae
1435 4482 1520 4541 sunt

388 4626 506 4698 nugae
529 4618 567 4680 et
590 4632 684 4685 rana
706 4608 916 4682 subtilitatis
943 4611 1149 4684 ostentatio.
1203 4610 1304 4681 Bene
1329 4608 1518 4679 nobiscum
