<?xml version="1.0" encoding="UTF-8"?>
<!DOCTYPE html PUBLIC "-//W3C//DTD XHTML 1.0 Transitional//EN"
    "http://www.w3.org/TR/xhtml1/DTD/xhtml1-transitional.dtd">
<html xmlns="http://www.w3.org/1999/xhtml" xml:lang="en" lang="en">
 <head>
  <title>
</title>
<meta http-equiv="Content-Type" content="text/html;charset=utf-8" />
  <meta name='ocr-system' content='tesseract 3.04.00' />
  <meta name='ocr-capabilities' content='ocr_page ocr_carea ocr_par ocr_line ocrx_word'/>
</head>
<body>
  <div class='ocr_page' id='page_1' title='image "bhagavadgitaide00schlgoog_0036.png"; bbox 0 0 3398 5264; ppageno 0'>
   <div class='ocr_carea' id='block_1_1' title="bbox 276 577 973 652">
    <p class='ocr_par' dir='ltr' id='par_1_1' title="bbox 276 577 973 652">
     <span class='ocr_line' id='line_1_1' title="bbox 276 577 973 652; baseline -0.004 0"><span class='ocrx_word' id='word_1_1' title='bbox 276 598 380 652; x_wconf 80' lang='lat' dir='ltr'><strong>xxrr</strong></span> <span class='ocrx_word' id='word_1_2' title='bbox 725 577 973 650; x_wconf 79' lang='lat' dir='ltr'><strong>Pnaasarro.</strong></span> 
     </span>
    </p>
   </div>
   <div class='ocr_carea' id='block_1_2' title="bbox 276 754 1416 988">
    <p class='ocr_par' dir='ltr' id='par_1_2' title="bbox 276 754 1416 988">
     <span class='ocr_line' id='line_1_2' title="bbox 276 754 1416 851; baseline -0.004 -19"><span class='ocrx_word' id='word_1_3' title='bbox 276 760 514 832; x_wconf 85' lang='lat' dir='ltr'><strong>Brachmanis</strong></span> <span class='ocrx_word' id='word_1_4' title='bbox 540 758 637 829; x_wconf 89' lang='lat' dir='ltr'><strong>inter</strong></span> <span class='ocrx_word' id='word_1_5' title='bbox 660 756 886 828; x_wconf 83' lang='lat' dir='ltr'><strong>sanctissima</strong></span> <span class='ocrx_word' id='word_1_6' title='bbox 919 757 1063 851; x_wconf 89' lang='lat' dir='ltr'><strong>pietatis</strong></span> <span class='ocrx_word' id='word_1_7' title='bbox 1095 754 1216 828; x_wconf 73' lang='lat' dir='ltr'><strong>officia</strong></span> <span class='ocrx_word' id='word_1_8' title='bbox 1242 756 1416 830; x_wconf 78' lang='lat' dir='ltr'><strong>refertur.</strong></span> 
     </span>
     <span class='ocr_line' id='line_1_3' title="bbox 278 884 1415 988; baseline -0.002 -24"><span class='ocrx_word' id='word_1_9' title='bbox 278 892 323 966; x_wconf 92' lang='lat' dir='ltr'><strong>In</strong></span> <span class='ocrx_word' id='word_1_10' title='bbox 348 919 420 988; x_wconf 92' lang='lat' dir='ltr'><strong>quo</strong></span> <span class='ocrx_word' id='word_1_11' title='bbox 443 884 554 988; x_wconf 68' lang='lat' dir='ltr'><strong>&#39;plano</strong></span> <span class='ocrx_word' id='word_1_12' title='bbox 578 914 636 962; x_wconf 91' lang='lat' dir='ltr'><strong>me</strong></span> <span class='ocrx_word' id='word_1_13' title='bbox 669 890 805 962; x_wconf 87' lang='lat' dir='ltr'><strong>habent</strong></span> <span class='ocrx_word' id='word_1_14' title='bbox 838 889 1027 961; x_wconf 86' lang='lat' dir='ltr'><strong>doctrinae</strong></span> <span class='ocrx_word' id='word_1_15' title='bbox 1057 914 1145 962; x_wconf 76' lang='lat' dir='ltr'><strong>errae</strong></span> <span class='ocrx_word' id='word_1_16' title='bbox 1178 901 1415 983; x_wconf 76' lang='lat' dir='ltr'><strong>sectatorem,</strong></span> 
     </span>
    </p>
   </div>
   <div class='ocr_carea' id='block_1_3' title="bbox 275 1010 1415 1123">
    <p class='ocr_par' dir='ltr' id='par_1_3' title="bbox 275 1010 1415 1123">
     <span class='ocr_line' id='line_1_4' title="bbox 275 1010 1415 1123; baseline 0 -23"><span class='ocrx_word' id='word_1_17' title='bbox 275 1039 314 1100; x_wconf 82' lang='lat' dir='ltr'><strong>et</strong></span> <span class='ocrx_word' id='word_1_18' title='bbox 336 1027 463 1120; x_wconf 80' lang='lat' dir='ltr'><strong>religio</strong></span> <span class='ocrx_word' id='word_1_19' title='bbox 488 1025 598 1117; x_wconf 83' lang='lat' dir='ltr'><strong>foret,</strong></span> <span class='ocrx_word' id='word_1_20' title='bbox 624 1027 663 1097; x_wconf 91' lang='lat' dir='ltr'><strong>in</strong></span> <span class='ocrx_word' id='word_1_21' title='bbox 689 1027 769 1119; x_wconf 86' lang='lat' dir='ltr'><strong>ipso</strong></span> <span class='ocrx_word' id='word_1_22' title='bbox 792 1025 933 1121; x_wconf 87' lang='lat' dir='ltr'><strong>priscae</strong></span> <span class='ocrx_word' id='word_1_23' title='bbox 951 1026 1148 1123; x_wconf 69' lang='lat' dir='ltr'><strong>sapientiae</strong></span> <span class='ocrx_word' id='word_1_24' title='bbox 1169 1010 1272 1099; x_wconf 87' lang='lat' dir='ltr'><strong>aditu</strong></span> <span class='ocrx_word' id='word_1_25' title='bbox 1305 1025 1415 1100; x_wconf 76' lang='lat' dir='ltr'><strong>tutus</strong></span> 
     </span>
    </p>
   </div>
   <div class='ocr_carea' id='block_1_4' title="bbox 274 1157 1418 3246">
    <p class='ocr_par' dir='ltr' id='par_1_4' title="bbox 274 1157 1418 3246">
     <span class='ocr_line' id='line_1_5' title="bbox 276 1157 1417 1256; baseline 0.001 -22"><span class='ocrx_word' id='word_1_26' title='bbox 276 1160 388 1234; x_wconf 83' lang='lat' dir='ltr'><strong>officii</strong></span> <span class='ocrx_word' id='word_1_27' title='bbox 406 1159 582 1236; x_wconf 75' lang='lat' dir='ltr'><strong>oblivisci.</strong></span> <span class='ocrx_word' id='word_1_28' title='bbox 606 1157 708 1254; x_wconf 78' lang='lat' dir='ltr'><strong>Ergo</strong></span> <span class='ocrx_word' id='word_1_29' title='bbox 723 1172 761 1233; x_wconf 96' lang='lat' dir='ltr'><strong>te</strong></span> <span class='ocrx_word' id='word_1_30' title='bbox 776 1161 947 1256; x_wconf 88' lang='lat' dir='ltr'><strong>primum,</strong></span> <span class='ocrx_word' id='word_1_31' title='bbox 960 1173 1058 1235; x_wconf 78' lang='lat' dir='ltr'><strong>rates</strong></span> <span class='ocrx_word' id='word_1_32' title='bbox 1073 1161 1311 1255; x_wconf 75' lang='lat' dir='ltr'><strong>sanctissime,</strong></span> <span class='ocrx_word' id='word_1_33' title='bbox 1329 1161 1417 1235; x_wconf 89' lang='lat' dir='ltr'><strong>Nu·</strong></span> 
     </span>
     <span class='ocr_line' id='line_1_6' title="bbox 276 1294 1417 1393; baseline -0.002 -24"><span class='ocrx_word' id='word_1_34' title='bbox 276 1298 458 1393; x_wconf 86' lang='lat' dir='ltr'><strong>minisque</strong></span> <span class='ocrx_word' id='word_1_35' title='bbox 482 1294 719 1391; x_wconf 87' lang='lat' dir='ltr'><strong>hypopheta,</strong></span> <span class='ocrx_word' id='word_1_36' title='bbox 747 1296 910 1392; x_wconf 86' lang='lat' dir='ltr'><strong>quisquis</strong></span> <span class='ocrx_word' id='word_1_37' title='bbox 941 1296 1088 1366; x_wconf 88' lang='lat' dir='ltr'><strong>tandem</strong></span> <span class='ocrx_word' id='word_1_38' title='bbox 1119 1296 1217 1367; x_wconf 89' lang='lat' dir='ltr'><strong>inter</strong></span> <span class='ocrx_word' id='word_1_39' title='bbox 1240 1296 1417 1369; x_wconf 84' lang='lat' dir='ltr'><strong>mortales</strong></span> 
     </span>
     <span class='ocr_line' id='line_1_7' title="bbox 281 1428 1416 1520; baseline -0.004 -19"><span class='ocrx_word' id='word_1_40' title='bbox 281 1432 397 1501; x_wconf 81' lang='lat' dir='ltr'><strong>dictus</strong></span> <span class='ocrx_word' id='word_1_41' title='bbox 422 1441 464 1500; x_wconf 92' lang='lat' dir='ltr'><strong>tu</strong></span> <span class='ocrx_word' id='word_1_42' title='bbox 487 1428 618 1517; x_wconf 82' lang='lat' dir='ltr'><strong>fueris,</strong></span> <span class='ocrx_word' id='word_1_43' title='bbox 645 1429 816 1498; x_wconf 77' lang='lat' dir='ltr'><strong>caminia</strong></span> <span class='ocrx_word' id='word_1_44' title='bbox 841 1428 948 1499; x_wconf 85' lang='lat' dir='ltr'><strong>huius</strong></span> <span class='ocrx_word' id='word_1_45' title='bbox 972 1438 1124 1520; x_wconf 89' lang='lat' dir='ltr'><strong>auctor,</strong></span> <span class='ocrx_word' id='word_1_46' title='bbox 1151 1430 1252 1499; x_wconf 87' lang='lat' dir='ltr'><strong>cuius</strong></span> <span class='ocrx_word' id='word_1_47' title='bbox 1279 1450 1416 1498; x_wconf 90' lang='lat' dir='ltr'><strong>oracu-</strong></span> 
     </span>
     <span class='ocr_line' id='line_1_8' title="bbox 278 1557 1417 1653; baseline -0.001 -22"><span class='ocrx_word' id='word_1_48' title='bbox 278 1561 323 1631; x_wconf 86' lang='lat' dir='ltr'><strong>lis</strong></span> <span class='ocrx_word' id='word_1_49' title='bbox 359 1584 459 1630; x_wconf 86' lang='lat' dir='ltr'><strong>mens</strong></span> <span class='ocrx_word' id='word_1_50' title='bbox 490 1558 537 1628; x_wconf 89' lang='lat' dir='ltr'><strong>ad</strong></span> <span class='ocrx_word' id='word_1_51' title='bbox 571 1557 715 1628; x_wconf 84' lang='lat' dir='ltr'><strong>excelsa</strong></span> <span class='ocrx_word' id='word_1_52' title='bbox 746 1581 934 1652; x_wconf 85' lang='lat' dir='ltr'><strong>quaeque,</strong></span> <span class='ocrx_word' id='word_1_53' title='bbox 975 1569 1124 1630; x_wconf 86' lang='lat' dir='ltr'><strong>aeterna</strong></span> <span class='ocrx_word' id='word_1_54' title='bbox 1154 1569 1264 1653; x_wconf 88' lang='lat' dir='ltr'><strong>atquo</strong></span> <span class='ocrx_word' id='word_1_55' title='bbox 1291 1560 1417 1634; x_wconf 80' lang='lat' dir='ltr'><strong>divina</strong></span> 
     </span>
     <span class='ocr_line' id='line_1_9' title="bbox 276 1688 1416 1787; baseline -0.001 -23"><span class='ocrx_word' id='word_1_56' title='bbox 276 1716 359 1764; x_wconf 90' lang='lat' dir='ltr'><strong>cum</strong></span> <span class='ocrx_word' id='word_1_57' title='bbox 386 1690 621 1762; x_wconf 88' lang='lat' dir='ltr'><strong>inenarrabili</strong></span> <span class='ocrx_word' id='word_1_58' title='bbox 646 1688 803 1786; x_wconf 88' lang='lat' dir='ltr'><strong>quadarn</strong></span> <span class='ocrx_word' id='word_1_59' title='bbox 830 1688 1071 1761; x_wconf 84' lang='lat' dir='ltr'><strong>delectatione</strong></span> <span class='ocrx_word' id='word_1_60' title='bbox 1095 1692 1255 1785; x_wconf 85' lang='lat' dir='ltr'><strong>rapitur:</strong></span> <span class='ocrx_word' id='word_1_61' title='bbox 1282 1703 1320 1762; x_wconf 88' lang='lat' dir='ltr'><strong>te</strong></span> <span class='ocrx_word' id='word_1_62' title='bbox 1340 1693 1416 1787; x_wconf 88' lang='lat' dir='ltr'><strong>pri-</strong></span> 
     </span>
     <span class='ocr_line' id='line_1_10' title="bbox 277 1820 1418 1920; baseline -0.002 -23"><span class='ocrx_word' id='word_1_63' title='bbox 277 1847 396 1915; x_wconf 88' lang='lat' dir='ltr'><strong>mum,</strong></span> <span class='ocrx_word' id='word_1_64' title='bbox 423 1824 585 1920; x_wconf 88' lang='lat' dir='ltr'><strong>inquam,</strong></span> <span class='ocrx_word' id='word_1_65' title='bbox 599 1822 877 1898; x_wconf 77' lang='lat' dir='ltr'><strong>venerabundus</strong></span> <span class='ocrx_word' id='word_1_66' title='bbox 894 1820 1036 1896; x_wconf 78' lang='lat' dir='ltr'><strong>solvere</strong></span> <span class='ocrx_word' id='word_1_67' title='bbox 1056 1823 1180 1915; x_wconf 83' lang='lat' dir='ltr'><strong>iubeo,</strong></span> <span class='ocrx_word' id='word_1_68' title='bbox 1206 1833 1245 1895; x_wconf 90' lang='lat' dir='ltr'><strong>ct</strong></span> <span class='ocrx_word' id='word_1_69' title='bbox 1267 1823 1418 1918; x_wconf 76' lang='lat' dir='ltr'><strong>vestigia</strong></span> 
     </span>
     <span class='ocr_line' id='line_1_11' title="bbox 276 1952 1417 2051; baseline -0.006 -20"><span class='ocrx_word' id='word_1_70' title='bbox 276 1977 422 2051; x_wconf 78' lang='lat' dir='ltr'><strong>semper</strong></span> <span class='ocrx_word' id='word_1_71' title='bbox 445 1955 572 2025; x_wconf 87' lang='lat' dir='ltr'><strong>adoro.</strong></span> <span class='ocrx_word' id='word_1_72' title='bbox 631 1952 710 2027; x_wconf 83' lang='lat' dir='ltr'><strong>Vos</strong></span> <span class='ocrx_word' id='word_1_73' title='bbox 727 1974 854 2046; x_wconf 88' lang='lat' dir='ltr'><strong>porro,</strong></span> <span class='ocrx_word' id='word_1_74' title='bbox 882 1953 952 2027; x_wconf 88' lang='lat' dir='ltr'><strong>viri</strong></span> <span class='ocrx_word' id='word_1_75' title='bbox 969 1954 1190 2046; x_wconf 76' lang='lat' dir='ltr'><strong>doctissimi,</strong></span> <span class='ocrx_word' id='word_1_76' title='bbox 1212 1956 1274 2050; x_wconf 91' lang='lat' dir='ltr'><strong>qui</strong></span> <span class='ocrx_word' id='word_1_77' title='bbox 1284 1954 1417 2026; x_wconf 88' lang='lat' dir='ltr'><strong>labori·</strong></span> 
     </span>
     <span class='ocr_line' id='line_1_12' title="bbox 275 2075 1417 2182; baseline -0.004 -19"><span class='ocrx_word' id='word_1_78' title='bbox 275 2091 343 2163; x_wconf 83' lang='lat' dir='ltr'><strong>bus</strong></span> <span class='ocrx_word' id='word_1_79' title='bbox 354 2087 484 2164; x_wconf 80' lang='lat' dir='ltr'><strong>vestris</strong></span> <span class='ocrx_word' id='word_1_80' title='bbox 500 2087 590 2159; x_wconf 85' lang='lat' dir='ltr'><strong>lraec</strong></span> <span class='ocrx_word' id='word_1_81' title='bbox 612 2075 806 2158; x_wconf 87' lang='lat' dir='ltr'><strong>Musarum</strong></span> <span class='ocrx_word' id='word_1_82' title='bbox 823 2087 903 2160; x_wconf 79' lang='lat' dir='ltr'><strong>avia</strong></span> <span class='ocrx_word' id='word_1_83' title='bbox 920 2088 1008 2158; x_wconf 88' lang='lat' dir='ltr'><strong>mihi</strong></span> <span class='ocrx_word' id='word_1_84' title='bbox 1023 2088 1235 2182; x_wconf 80' lang='lat' dir='ltr'><strong>aperuistis3</strong></span> <span class='ocrx_word' id='word_1_85' title='bbox 1251 2087 1417 2182; x_wconf 86' lang='lat' dir='ltr'><strong>inprimis</strong></span> 
     </span>
     <span class='ocr_line' id='line_1_13' title="bbox 274 2221 1415 2316; baseline 0 -22"><span class='ocrx_word' id='word_1_86' title='bbox 274 2235 331 2316; x_wconf 91' lang='lat' dir='ltr'><strong>tu,</strong></span> <span class='ocrx_word' id='word_1_87' title='bbox 366 2223 426 2297; x_wconf 76' lang='lat' dir='ltr'><strong>vir</strong></span> <span class='ocrx_word' id='word_1_88' title='bbox 458 2222 694 2313; x_wconf 86' lang='lat' dir='ltr'><strong>amicissime,</strong></span> <span class='ocrx_word' id='word_1_89' title='bbox 728 2222 790 2314; x_wconf 91' lang='lat' dir='ltr'><strong>qui</strong></span> <span class='ocrx_word' id='word_1_90' title='bbox 815 2221 958 2313; x_wconf 79' lang='lat' dir='ltr'><strong>linguae</strong></span> <span class='ocrx_word' id='word_1_91' title='bbox 990 2221 1258 2294; x_wconf 85' lang='lat' dir='ltr'><strong>Brachmanum</strong></span> <span class='ocrx_word' id='word_1_92' title='bbox 1288 2245 1415 2294; x_wconf 87' lang='lat' dir='ltr'><strong>sacrae</strong></span> 
     </span>
     <span class='ocr_line' id='line_1_14' title="bbox 279 2352 1415 2427; baseline -0.001 -1"><span class='ocrx_word' id='word_1_93' title='bbox 279 2355 460 2427; x_wconf 84' lang='lat' dir='ltr'><strong>elementa</strong></span> <span class='ocrx_word' id='word_1_94' title='bbox 487 2374 552 2423; x_wconf 89' lang='lat' dir='ltr'><strong>oro</strong></span> <span class='ocrx_word' id='word_1_95' title='bbox 579 2364 643 2423; x_wconf 92' lang='lat' dir='ltr'><strong>tuo</strong></span> <span class='ocrx_word' id='word_1_96' title='bbox 668 2352 881 2425; x_wconf 80' lang='lat' dir='ltr'><strong>suavissimo</strong></span> <span class='ocrx_word' id='word_1_97' title='bbox 914 2353 1004 2422; x_wconf 89' lang='lat' dir='ltr'><strong>mihi</strong></span> <span class='ocrx_word' id='word_1_98' title='bbox 1035 2353 1183 2425; x_wconf 87' lang='lat' dir='ltr'><strong>tradere</strong></span> <span class='ocrx_word' id='word_1_99' title='bbox 1213 2353 1311 2425; x_wconf 85' lang='lat' dir='ltr'><strong>haud</strong></span> <span class='ocrx_word' id='word_1_100' title='bbox 1344 2355 1415 2426; x_wconf 91' lang='lat' dir='ltr'><strong>de·</strong></span> 
     </span>
     <span class='ocr_line' id='line_1_15' title="bbox 277 2481 1414 2583; baseline 0 -25"><span class='ocrx_word' id='word_1_101' title='bbox 277 2486 444 2583; x_wconf 83' lang='lat' dir='ltr'><strong>dignatus</strong></span> <span class='ocrx_word' id='word_1_102' title='bbox 470 2507 530 2564; x_wconf 82' lang='lat' dir='ltr'><strong>ss;</strong></span> <span class='ocrx_word' id='word_1_103' title='bbox 553 2494 594 2554; x_wconf 93' lang='lat' dir='ltr'><strong>tu</strong></span> <span class='ocrx_word' id='word_1_104' title='bbox 616 2506 776 2579; x_wconf 83' lang='lat' dir='ltr'><strong>quoque,</strong></span> <span class='ocrx_word' id='word_1_105' title='bbox 790 2481 906 2554; x_wconf 84' lang='lat' dir='ltr'><strong>frater</strong></span> <span class='ocrx_word' id='word_1_106' title='bbox 931 2483 1187 2575; x_wconf 86' lang='lat' dir='ltr'><strong>dilectissime,</strong></span> <span class='ocrx_word' id='word_1_107' title='bbox 1214 2487 1277 2581; x_wconf 91' lang='lat' dir='ltr'><strong>qui</strong></span> <span class='ocrx_word' id='word_1_108' title='bbox 1294 2510 1414 2558; x_wconf 84' lang='lat' dir='ltr'><strong>exem·</strong></span> 
     </span>
     <span class='ocr_line' id='line_1_16' title="bbox 278 2618 1415 2719; baseline -0.002 -28"><span class='ocrx_word' id='word_1_109' title='bbox 278 2620 341 2719; x_wconf 87' lang='lat' dir='ltr'><strong>plo</strong></span> <span class='ocrx_word' id='word_1_110' title='bbox 366 2630 431 2691; x_wconf 92' lang='lat' dir='ltr'><strong>tuo</strong></span> <span class='ocrx_word' id='word_1_111' title='bbox 456 2619 502 2689; x_wconf 90' lang='lat' dir='ltr'><strong>ad</strong></span> <span class='ocrx_word' id='word_1_112' title='bbox 533 2643 622 2713; x_wconf 87' lang='lat' dir='ltr'><strong>opus</strong></span> <span class='ocrx_word' id='word_1_113' title='bbox 656 2618 813 2688; x_wconf 87' lang='lat' dir='ltr'><strong>arduum</strong></span> <span class='ocrx_word' id='word_1_114' title='bbox 844 2618 1113 2712; x_wconf 83' lang='lat' dir='ltr'><strong>suscipiendum</strong></span> <span class='ocrx_word' id='word_1_115' title='bbox 1138 2644 1199 2690; x_wconf 86' lang='lat' dir='ltr'><strong>me</strong></span> <span class='ocrx_word' id='word_1_116' title='bbox 1226 2619 1415 2689; x_wconf 86' lang='lat' dir='ltr'><strong>excitasti:</strong></span> 
     </span>
     <span class='ocr_line' id='line_1_17' title="bbox 278 2752 1414 2850; baseline -0.003 -24"><span class='ocrx_word' id='word_1_117' title='bbox 278 2777 349 2850; x_wconf 87' lang='lat' dir='ltr'><strong>pro</strong></span> <span class='ocrx_word' id='word_1_118' title='bbox 373 2752 551 2826; x_wconf 84' lang='lat' dir='ltr'><strong>beneficio</strong></span> <span class='ocrx_word' id='word_1_119' title='bbox 577 2753 615 2823; x_wconf 95' lang='lat' dir='ltr'><strong>in</strong></span> <span class='ocrx_word' id='word_1_120' title='bbox 639 2776 698 2823; x_wconf 90' lang='lat' dir='ltr'><strong>me</strong></span> <span class='ocrx_word' id='word_1_121' title='bbox 730 2752 864 2823; x_wconf 89' lang='lat' dir='ltr'><strong>collato</strong></span> <span class='ocrx_word' id='word_1_122' title='bbox 897 2754 1052 2845; x_wconf 81' lang='lat' dir='ltr'><strong>gratias,</strong></span> <span class='ocrx_word' id='word_1_123' title='bbox 1086 2776 1173 2848; x_wconf 86' lang='lat' dir='ltr'><strong>quas</strong></span> <span class='ocrx_word' id='word_1_124' title='bbox 1208 2775 1276 2845; x_wconf 77' lang='lat' dir='ltr'><strong>ego</strong></span> <span class='ocrx_word' id='word_1_125' title='bbox 1306 2776 1414 2847; x_wconf 84' lang='lat' dir='ltr'><strong>agere</strong></span> 
     </span>
     <span class='ocr_line' id='line_1_18' title="bbox 277 2881 1412 2985; baseline -0.004 -27"><span class='ocrx_word' id='word_1_126' title='bbox 277 2911 441 2985; x_wconf 82' lang='lat' dir='ltr'><strong>possum,</strong></span> <span class='ocrx_word' id='word_1_127' title='bbox 468 2885 647 2957; x_wconf 81' lang='lat' dir='ltr'><strong>maximas</strong></span> <span class='ocrx_word' id='word_1_128' title='bbox 672 2896 834 2978; x_wconf 88' lang='lat' dir='ltr'><strong>acceptas</strong></span> <span class='ocrx_word' id='word_1_129' title='bbox 859 2885 1036 2955; x_wconf 86' lang='lat' dir='ltr'><strong>habetote.</strong></span> <span class='ocrx_word' id='word_1_130' title='bbox 1080 2881 1157 2955; x_wconf 85' lang='lat' dir='ltr'><strong>Vos</strong></span> <span class='ocrx_word' id='word_1_131' title='bbox 1182 2895 1302 2955; x_wconf 91' lang='lat' dir='ltr'><strong>autem</strong></span> <span class='ocrx_word' id='word_1_132' title='bbox 1330 2908 1412 2956; x_wconf 92' lang='lat' dir='ltr'><strong>om·</strong></span> 
     </span>
     <span class='ocr_line' id='line_1_19' title="bbox 280 3013 1414 3114; baseline -0.006 -22"><span class='ocrx_word' id='word_1_133' title='bbox 280 3044 359 3111; x_wconf 89' lang='lat' dir='ltr'><strong>nes,</strong></span> <span class='ocrx_word' id='word_1_134' title='bbox 388 3021 452 3114; x_wconf 90' lang='lat' dir='ltr'><strong>qui</strong></span> <span class='ocrx_word' id='word_1_135' title='bbox 477 3020 566 3090; x_wconf 86' lang='lat' dir='ltr'><strong>haec</strong></span> <span class='ocrx_word' id='word_1_136' title='bbox 591 3018 721 3089; x_wconf 88' lang='lat' dir='ltr'><strong>lecturi</strong></span> <span class='ocrx_word' id='word_1_137' title='bbox 746 3018 844 3103; x_wconf 84' lang='lat' dir='ltr'><strong>estis,</strong></span> <span class='ocrx_word' id='word_1_138' title='bbox 869 3027 923 3105; x_wconf 89' lang='lat' dir='ltr'><strong>ut,</strong></span> <span class='ocrx_word' id='word_1_139' title='bbox 950 3038 1042 3108; x_wconf 91' lang='lat' dir='ltr'><strong>quae</strong></span> <span class='ocrx_word' id='word_1_140' title='bbox 1067 3015 1104 3084; x_wconf 92' lang='lat' dir='ltr'><strong>in</strong></span> <span class='ocrx_word' id='word_1_141' title='bbox 1128 3017 1335 3109; x_wconf 87' lang='lat' dir='ltr'><strong>praesentia</strong></span> <span class='ocrx_word' id='word_1_142' title='bbox 1358 3013 1414 3086; x_wconf 81' lang='lat' dir='ltr'><strong>oi·</strong></span> 
     </span>
     <span class='ocr_line' id='line_1_20' title="bbox 279 3146 1294 3246; baseline -0.009 -21"><span class='ocrx_word' id='word_1_143' title='bbox 279 3152 383 3225; x_wconf 82' lang='lat' dir='ltr'><strong>ferro</strong></span> <span class='ocrx_word' id='word_1_144' title='bbox 409 3152 510 3227; x_wconf 84' lang='lat' dir='ltr'><strong>vobis</strong></span> <span class='ocrx_word' id='word_1_145' title='bbox 534 3151 652 3246; x_wconf 89' lang='lat' dir='ltr'><strong>potui,</strong></span> <span class='ocrx_word' id='word_1_146' title='bbox 680 3149 767 3221; x_wconf 83' lang='lat' dir='ltr'><strong>boni</strong></span> <span class='ocrx_word' id='word_1_147' title='bbox 792 3146 1001 3239; x_wconf 83' lang='lat' dir='ltr'><strong>consulatis,</strong></span> <span class='ocrx_word' id='word_1_148' title='bbox 1029 3171 1096 3219; x_wconf 94' lang='lat' dir='ltr'><strong>oro</strong></span> <span class='ocrx_word' id='word_1_149' title='bbox 1122 3170 1294 3243; x_wconf 84' lang='lat' dir='ltr'><strong>rogoque.</strong></span> 
     </span>
    </p>
   </div>
   <div class='ocr_carea' id='block_1_5' title="bbox 0 0 1704 5264">
    <p class='ocr_par' dir='ltr' id='par_1_5' title="bbox 0 0 1704 5264">
     <span class='ocr_line' id='line_1_21' title="bbox 0 0 1704 5264; baseline 0 0"><span class='ocrx_word' id='word_1_150' title='bbox 0 0 1704 5264; x_wconf 95' lang='lat' dir='ltr'><strong> </strong></span> 
     </span>
    </p>
   </div>
  </div>
 </body>
</html>
